<DATE>	<TIME>	<BID>	<ASK>	<LAST>	<VOLUME>	<FLAGS>
2025.12.24	00:00:10.275	2.01889	2.01955			6
2025.12.24	00:00:17.871	2.01994	2.02194			6
2025.12.24	00:00:34.337	2.01950	2.02150			6
2025.12.24	00:00:37.124		2.02121			4
2025.12.24	00:00:41.142		2.02132			4
2025.12.24	00:00:42.579		2.02150			4
2025.12.24	00:01:03.321	2.01978	2.02178			6
2025.12.24	00:01:04.301	2.02002	2.02202			6
2025.12.24	00:01:04.404	2.02000	2.02200			6
2025.12.24	00:01:04.606	2.01998	2.02198			6
2025.12.24	00:01:05.634	2.01986	2.02186			6
2025.12.24	00:01:06.239	2.02000	2.02200			6
2025.12.24	00:01:29.665	2.01960	2.02160			6
2025.12.24	00:01:30.683	2.01956	2.02156			6
2025.12.24	00:01:47.135	2.01967	2.02167			6
2025.12.24	00:02:08.894	2.01967	2.02140			6
2025.12.24	00:03:00.578	2.01850	2.02050			6
2025.12.24	00:03:01.375	2.01885	2.02085			6
2025.12.24	00:03:13.615	2.01886	2.02086			6
2025.12.24	00:03:32.084	2.01887	2.02087			6
2025.12.24	00:03:58.566	2.01888	2.02088			6
2025.12.24	00:04:03.114	2.01914				2
2025.12.24	00:04:03.198		2.02050			4
2025.12.24	00:04:03.784		2.02088			4
2025.12.24	00:04:03.842	2.01888				2
2025.12.24	00:04:19.648	2.01848	2.02048			6
2025.12.24	00:04:20.450	2.01888	2.02088			6
2025.12.24	00:04:58.956	2.01889	2.02089			6
2025.12.24	00:05:00.371	2.01867	2.02067			6
2025.12.24	00:05:00.460	2.01900				2
2025.12.24	00:05:00.581		2.02088			4
2025.12.24	00:05:00.621	2.01898				2
2025.12.24	00:05:01.154	2.01888				2
2025.12.24	00:05:01.184	2.01891	2.02091			6
2025.12.24	00:05:02.593		2.02089			4
2025.12.24	00:05:04.593	2.01889				2
2025.12.24	00:05:06.197	2.01888	2.02088			6
2025.12.24	00:05:08.813		2.02085			4
2025.12.24	00:05:13.035		2.02080			4
2025.12.24	00:05:16.065		2.02084			4
2025.12.24	00:05:16.947		2.02088			4
2025.12.24	00:05:27.275	2.01891	2.02091			6
2025.12.24	00:05:27.464	2.01900				2
2025.12.24	00:05:30.734		2.02100			4
2025.12.24	00:05:30.885	2.01899	2.02099			6
2025.12.24	00:05:32.678	2.01901	2.02101			6
2025.12.24	00:05:35.104	2.01900	2.02100			6
2025.12.24	00:05:48.516	2.01888	2.02088			6
2025.12.24	00:05:48.732	2.01904	2.02104			6
2025.12.24	00:05:48.935	2.01907	2.02107			6
2025.12.24	00:05:49.709	2.01906	2.02106			6
2025.12.24	00:05:54.554	2.01903	2.02103			6
2025.12.24	00:05:56.163	2.01901	2.02101			6
2025.12.24	00:05:57.293	2.01908				2
2025.12.24	00:05:57.354	2.01932	2.02132			6
2025.12.24	00:05:58.152	2.01901	2.02101			6
2025.12.24	00:06:20.448	2.01902	2.02102			6
2025.12.24	00:06:23.644	2.01901	2.02101			6
2025.12.24	00:06:23.854	2.01903	2.02103			6
2025.12.24	00:06:31.254	2.01904	2.02104			6
2025.12.24	00:06:33.669	2.01902	2.02102			6
2025.12.24	00:06:42.097	2.01901	2.02101			6
2025.12.24	00:06:43.906	2.01903	2.02103			6
2025.12.24	00:06:46.912	2.01904	2.02104			6
2025.12.24	00:06:48.525	2.01905	2.02105			6
2025.12.24	00:07:00.555	2.01908	2.02108			6
2025.12.24	00:07:01.574	2.01909	2.02109			6
2025.12.24	00:07:04.583	2.01903	2.02103			6
2025.12.24	00:07:05.175	2.01900	2.02100			6
2025.12.24	00:07:06.173	2.01899	2.02099			6
2025.12.24	00:07:09.994	2.01901	2.02101			6
2025.12.24	00:07:10.191	2.01902	2.02102			6
2025.12.24	00:07:10.606	2.01901	2.02101			6
2025.12.24	00:07:12.787	2.01900	2.02100			6
2025.12.24	00:07:24.431	2.01899	2.02099			6
2025.12.24	00:07:49.319	2.01900	2.02100			6
2025.12.24	00:07:58.344	2.01899	2.02099			6
2025.12.24	00:08:01.958	2.01898	2.02098			6
2025.12.24	00:08:03.762	2.01900	2.02100			6
2025.12.24	00:08:04.365	2.01899	2.02099			6
2025.12.24	00:08:04.556	2.01905	2.02105			6
2025.12.24	00:08:06.179	2.01904	2.02104			6
2025.12.24	00:08:07.966	2.01903	2.02103			6
2025.12.24	00:08:09.373	2.01906	2.02106			6
2025.12.24	00:08:10.376	2.01905	2.02105			6
2025.12.24	00:08:22.226	2.01904	2.02104			6
2025.12.24	00:08:22.619	2.01902	2.02102			6
2025.12.24	00:08:28.243	2.01901	2.02101			6
2025.12.24	00:08:29.253	2.01900	2.02100			6
2025.12.24	00:08:51.704	2.01892	2.02092			6
2025.12.24	00:08:51.915	2.01893	2.02093			6
2025.12.24	00:08:56.729	2.01898	2.02098			6
2025.12.24	00:08:57.337	2.01896	2.02096			6
2025.12.24	00:08:59.928	2.01897	2.02097			6
2025.12.24	00:09:02.965	2.01893	2.02093			6
2025.12.24	00:09:03.148	2.01892	2.02092			6
2025.12.24	00:09:07.349	2.01895	2.02095			6
2025.12.24	00:09:21.424	2.01892	2.02092			6
2025.12.24	00:09:25.209	2.01905	2.02105			6
2025.12.24	00:09:27.029	2.01909	2.02109			6
2025.12.24	00:09:27.241	2.01901	2.02101			6
2025.12.24	00:09:28.035	2.01904	2.02104			6
2025.12.24	00:09:28.432	2.01907	2.02107			6
2025.12.24	00:09:30.438	2.01903	2.02103			6
2025.12.24	00:09:30.848	2.01906	2.02106			6
2025.12.24	00:09:31.058	2.01907	2.02107			6
2025.12.24	00:09:31.432	2.01905	2.02105			6
2025.12.24	00:09:32.451	2.01901	2.02101			6
2025.12.24	00:09:32.662	2.01899	2.02099			6
2025.12.24	00:09:34.880	2.01905	2.02105			6
2025.12.24	00:09:35.072	2.01904	2.02104			6
2025.12.24	00:09:35.477	2.01905	2.02105			6
2025.12.24	00:09:39.883	2.01907	2.02107			6
2025.12.24	00:09:40.495	2.01899	2.02099			6
2025.12.24	00:09:40.700	2.01900	2.02100			6
2025.12.24	00:09:40.904	2.01902	2.02102			6
2025.12.24	00:09:41.084	2.01901	2.02101			6
2025.12.24	00:09:43.910	2.01904	2.02104			6
2025.12.24	00:09:44.498	2.01894	2.02093			6
2025.12.24	00:09:44.711	2.01901	2.02101			6
2025.12.24	00:09:44.892	2.01894	2.02094			6
2025.12.24	00:09:45.082	2.01901	2.02101			6
2025.12.24	00:09:45.921	2.01904	2.02104			6
2025.12.24	00:09:46.091	2.01907	2.02107			6
2025.12.24	00:09:46.505	2.01896	2.02096			6
2025.12.24	00:09:46.716	2.01901	2.02101			6
2025.12.24	00:09:46.902	2.01898	2.02098			6
2025.12.24	00:09:47.293	2.01895	2.02095			6
2025.12.24	00:09:47.528	2.01894	2.02093			6
2025.12.24	00:09:47.736	2.01893				2
2025.12.24	00:09:49.341	2.01901	2.02101			6
2025.12.24	00:09:50.329	2.01903	2.02103			6
2025.12.24	00:09:50.509	2.01901	2.02099			6
2025.12.24	00:09:51.748		2.02094			4
2025.12.24	00:09:52.892	2.01894				2
2025.12.24	00:09:52.954	2.01903	2.02103			6
2025.12.24	00:09:53.140	2.01904	2.02104			6
2025.12.24	00:09:54.140	2.01892	2.02091			6
2025.12.24	00:09:54.352	2.01894	2.02094			6
2025.12.24	00:09:55.732	2.01902	2.02102			6
2025.12.24	00:09:55.952	2.01905	2.02105			6
2025.12.24	00:09:56.541	2.01894	2.02094			6
2025.12.24	00:09:57.752	2.01903	2.02103			6
2025.12.24	00:09:58.552	2.01895	2.02095			6
2025.12.24	00:09:59.360	2.01899	2.02099			6
2025.12.24	00:09:59.569	2.01901	2.02101			6
2025.12.24	00:09:59.959	2.01904	2.02104			6
2025.12.24	00:10:00.175	2.01903	2.02103			6
2025.12.24	00:10:00.553	2.01902	2.02102			6
2025.12.24	00:10:01.356	2.01896	2.02096			6
2025.12.24	00:10:01.553	2.01892	2.02092			6
2025.12.24	00:10:02.566	2.01898	2.02098			6
2025.12.24	00:10:02.747	2.01897	2.02097			6
2025.12.24	00:10:04.179	2.01892	2.02092			6
2025.12.24	00:10:04.360	2.01890	2.02090			6
2025.12.24	00:10:05.361	2.01900	2.02100			6
2025.12.24	00:10:05.984	2.01903	2.02103			6
2025.12.24	00:10:06.162	2.01900	2.02100			6
2025.12.24	00:10:06.373	2.01892	2.02092			6
2025.12.24	00:10:07.384	2.01898	2.02098			6
2025.12.24	00:10:07.784	2.01899	2.02099			6
2025.12.24	00:10:08.183	2.01898	2.02098			6
2025.12.24	00:10:08.395	2.01897	2.02097			6
2025.12.24	00:10:08.589	2.01891	2.02091			6
2025.12.24	00:10:08.990	2.01890	2.02090			6
2025.12.24	00:10:09.175	2.01892	2.02092			6
2025.12.24	00:10:09.572	2.01895	2.02095			6
2025.12.24	00:10:09.784	2.01898	2.02098			6
2025.12.24	00:10:09.965	2.01900	2.02100			6
2025.12.24	00:10:10.173	2.01898	2.02098			6
2025.12.24	00:10:10.371	2.01896	2.02096			6
2025.12.24	00:10:10.581	2.01892	2.02092			6
2025.12.24	00:10:11.810	2.01899	2.02099			6
2025.12.24	00:10:13.391	2.01903	2.02103			6
2025.12.24	00:10:13.608	2.01898	2.02098			6
2025.12.24	00:10:13.796	2.01893	2.02093			6
2025.12.24	00:10:14.017	2.01897	2.02097			6
2025.12.24	00:10:14.202	2.01894	2.02094			6
2025.12.24	00:10:14.416	2.01898	2.02098			6
2025.12.24	00:10:14.794	2.01900	2.02100			6
2025.12.24	00:10:14.999	2.01898	2.02098			6
2025.12.24	00:10:20.009	2.01901	2.02101			6
2025.12.24	00:10:20.419	2.01902	2.02102			6
2025.12.24	00:10:21.028	2.01898	2.02098			6
2025.12.24	00:10:21.228	2.01900	2.02100			6
2025.12.24	00:10:21.412	2.01898	2.02098			6
2025.12.24	00:10:22.027	2.01902	2.02102			6
2025.12.24	00:10:22.430	2.01897	2.02097			6
2025.12.24	00:10:22.611	2.01902	2.02102			6
2025.12.24	00:10:22.843	2.01900	2.02100			6
2025.12.24	00:10:23.027	2.01899	2.02099			6
2025.12.24	00:10:23.408	2.01900	2.02100			6
2025.12.24	00:10:24.431	2.01899	2.02099			6
2025.12.24	00:10:24.636	2.01900	2.02100			6
2025.12.24	00:10:25.043	2.01901	2.02101			6
2025.12.24	00:10:36.871	2.01902				2
2025.12.24	00:10:38.421	2.01901				2
2025.12.24	00:10:41.049	2.01900	2.02100			6
2025.12.24	00:10:41.254	2.01897	2.02097			6
2025.12.24	00:10:44.472	2.01900	2.02100			6
2025.12.24	00:10:47.293	2.01901	2.02101			6
2025.12.24	00:10:50.501	2.01902	2.02102			6
2025.12.24	00:10:55.729	2.01901	2.02101			6
2025.12.24	00:11:01.331	2.01898	2.02098			6
2025.12.24	00:11:07.950	2.01901	2.02101			6
2025.12.24	00:11:10.762	2.01895	2.02095			6
2025.12.24	00:11:10.974	2.01901	2.02101			6
2025.12.24	00:11:11.386	2.01897	2.02097			6
2025.12.24	00:11:11.548	2.01895	2.02095			6
2025.12.24	00:11:13.500	2.01897				2
2025.12.24	00:11:17.392	2.01901	2.02101			6
2025.12.24	00:11:19.415	2.01897	2.02092			6
2025.12.24	00:11:23.338	2.01892				2
2025.12.24	00:11:23.399		2.02082			4
2025.12.24	00:11:24.810		2.02090			4
2025.12.24	00:11:25.024		2.02089			4
2025.12.24	00:11:25.433		2.02090			4
2025.12.24	00:11:25.821		2.02084			4
2025.12.24	00:11:26.034		2.02083			4
2025.12.24	00:11:28.635		2.02090			4
2025.12.24	00:11:30.030		2.02084			4
2025.12.24	00:11:30.227		2.02082			4
2025.12.24	00:11:30.509	2.01882				2
2025.12.24	00:11:32.043	2.01890	2.02090			6
2025.12.24	00:11:32.230	2.01892	2.02092			6
2025.12.24	00:11:42.462	2.01895	2.02095			6
2025.12.24	00:11:55.497	2.01889	2.02089			6
2025.12.24	00:11:55.722	2.01890	2.02090			6
2025.12.24	00:12:07.132	2.01892	2.02092			6
2025.12.24	00:12:08.955	2.01891	2.02091			6
2025.12.24	00:12:12.153	2.01892	2.02092			6
2025.12.24	00:12:12.340	2.01893	2.02093			6
2025.12.24	00:12:12.767	2.01888	2.02088			6
2025.12.24	00:12:18.584	2.01889	2.02089			6
2025.12.24	00:12:18.793	2.01894	2.02094			6
2025.12.24	00:12:19.174	2.01890	2.02090			6
2025.12.24	00:12:19.372	2.01891	2.02091			6
2025.12.24	00:12:19.569	2.01897	2.02097			6
2025.12.24	00:12:19.782	2.01896	2.02096			6
2025.12.24	00:12:20.197	2.01886	2.02086			6
2025.12.24	00:12:21.604	2.01898	2.02098			6
2025.12.24	00:12:21.786	2.01900	2.02100			6
2025.12.24	00:12:22.196	2.01887	2.02087			6
2025.12.24	00:12:22.405	2.01889	2.02089			6
2025.12.24	00:12:23.415	2.01897	2.02097			6
2025.12.24	00:12:23.575	2.01895	2.02095			6
2025.12.24	00:12:25.621	2.01887	2.02087			6
2025.12.24	00:12:29.835	2.01899	2.02099			6
2025.12.24	00:12:30.015	2.01888	2.02088			6
2025.12.24	00:12:30.227	2.01889	2.02089			6
2025.12.24	00:12:31.022	2.01896	2.02096			6
2025.12.24	00:12:31.423	2.01895	2.02095			6
2025.12.24	00:12:31.614	2.01887	2.02087			6
2025.12.24	00:12:32.024	2.01899	2.02099			6
2025.12.24	00:12:32.429	2.01897	2.02097			6
2025.12.24	00:12:34.635	2.01898	2.02098			6
2025.12.24	00:12:35.032	2.01888	2.02088			6
2025.12.24	00:12:38.440	2.01899	2.02099			6
2025.12.24	00:12:38.645	2.01897	2.02097			6
2025.12.24	00:12:39.238	2.01888	2.02088			6
2025.12.24	00:12:39.443	2.01890	2.02090			6
2025.12.24	00:12:39.653	2.01892	2.02092			6
2025.12.24	00:12:40.047	2.01895	2.02095			6
2025.12.24	00:12:40.446	2.01894	2.02094			6
2025.12.24	00:12:40.656	2.01895	2.02095			6
2025.12.24	00:12:41.267	2.01888	2.02088			6
2025.12.24	00:12:41.641	2.01892	2.02092			6
2025.12.24	00:12:41.851	2.01895	2.02095			6
2025.12.24	00:12:42.065	2.01893	2.02093			6
2025.12.24	00:12:42.449	2.01889	2.02089			6
2025.12.24	00:12:42.850	2.01899	2.02099			6
2025.12.24	00:12:43.253	2.01887	2.02087			6
2025.12.24	00:12:43.661	2.01893	2.02093			6
2025.12.24	00:12:43.850	2.01899	2.02099			6
2025.12.24	00:12:44.059	2.01898	2.02098			6
2025.12.24	00:12:44.269	2.01892	2.02092			6
2025.12.24	00:12:44.636	2.01893	2.02093			6
2025.12.24	00:12:45.468	2.01888	2.02088			6
2025.12.24	00:12:45.648	2.01887	2.02087			6
2025.12.24	00:12:46.069	2.01893	2.02093			6
2025.12.24	00:12:46.486	2.01899	2.02099			6
2025.12.24	00:12:46.644	2.01892	2.02092			6
2025.12.24	00:12:47.067	2.01894	2.02094			6
2025.12.24	00:12:47.277	2.01893	2.02093			6
2025.12.24	00:12:47.459	2.01895	2.02095			6
2025.12.24	00:12:47.683	2.01890	2.02090			6
2025.12.24	00:12:48.076	2.01895	2.02095			6
2025.12.24	00:12:48.465	2.01903	2.02103			6
2025.12.24	00:12:48.878	2.01897	2.02097			6
2025.12.24	00:12:49.088	2.01892	2.02092			6
2025.12.24	00:12:49.268	2.01889	2.02089			6
2025.12.24	00:12:49.680	2.01888	2.02088			6
2025.12.24	00:12:50.081	2.01897	2.02097			6
2025.12.24	00:12:50.494	2.01890	2.02090			6
2025.12.24	00:12:50.674	2.01899	2.02099			6
2025.12.24	00:12:51.083	2.01891	2.02091			6
2025.12.24	00:12:51.291	2.01888	2.02088			6
2025.12.24	00:12:51.676	2.01894	2.02094			6
2025.12.24	00:12:52.088	2.01892	2.02092			6
2025.12.24	00:12:52.485	2.01896	2.02096			6
2025.12.24	00:12:52.696	2.01890	2.02090			6
2025.12.24	00:12:52.907	2.01891	2.02091			6
2025.12.24	00:12:56.913	2.01890	2.02090			6
2025.12.24	00:12:57.087	2.01893	2.02093			6
2025.12.24	00:13:00.515	2.01892	2.02092			6
2025.12.24	00:13:00.917	2.01888	2.02088			6
2025.12.24	00:13:01.099	2.01890	2.02090			6
2025.12.24	00:13:01.520	2.01895	2.02095			6
2025.12.24	00:13:01.698	2.01893	2.02093			6
2025.12.24	00:13:01.909	2.01888	2.02088			6
2025.12.24	00:13:03.115	2.01895	2.02095			6
2025.12.24	00:13:03.327	2.01894	2.02094			6
2025.12.24	00:13:03.538	2.01886	2.02086			6
2025.12.24	00:13:03.717	2.01890	2.02090			6
2025.12.24	00:13:04.108	2.01886	2.02086			6
2025.12.24	00:13:04.318	2.01893	2.02093			6
2025.12.24	00:13:04.529	2.01884	2.02084			6
2025.12.24	00:13:05.339	2.01890	2.02090			6
2025.12.24	00:13:05.533	2.01889	2.02089			6
2025.12.24	00:13:05.742	2.01892	2.02092			6
2025.12.24	00:13:05.937	2.01891	2.02091			6
2025.12.24	00:13:06.147	2.01885	2.02085			6
2025.12.24	00:13:06.328	2.01884	2.02084			6
2025.12.24	00:13:06.751	2.01893	2.02093			6
2025.12.24	00:13:06.928	2.01898	2.02098			6
2025.12.24	00:13:07.323	2.01881	2.02081			6
2025.12.24	00:13:07.534	2.01880	2.02080			6
2025.12.24	00:13:07.714	2.01887	2.02087			6
2025.12.24	00:13:15.772	2.01880	2.02080			6
2025.12.24	00:13:17.568	2.01888	2.02088			6
2025.12.24	00:13:17.748	2.01885	2.02085			6
2025.12.24	00:13:18.171	2.01880	2.02080			6
2025.12.24	00:13:18.357	2.01879	2.02079			6
2025.12.24	00:13:19.372	2.01883	2.02083			6
2025.12.24	00:13:19.584	2.01885	2.02085			6
2025.12.24	00:13:22.375	2.01884	2.02084			6
2025.12.24	00:13:23.998	2.01885	2.02085			6
2025.12.24	00:13:26.177	2.01887	2.02087			6
2025.12.24	00:13:26.985	2.01884	2.02084			6
2025.12.24	00:13:27.186	2.01891	2.02091			6
2025.12.24	00:13:27.399	2.01887	2.02087			6
2025.12.24	00:13:30.413	2.01891	2.02091			6
2025.12.24	00:13:30.808	2.01893	2.02093			6
2025.12.24	00:13:31.017	2.01888	2.02088			6
2025.12.24	00:13:31.187	2.01890	2.02090			6
2025.12.24	00:13:31.398	2.01887	2.02087			6
2025.12.24	00:13:31.616	2.01886	2.02086			6
2025.12.24	00:13:31.802	2.01887	2.02087			6
2025.12.24	00:13:32.196	2.01895	2.02095			6
2025.12.24	00:13:32.406	2.01886	2.02086			6
2025.12.24	00:13:32.618	2.01888	2.02088			6
2025.12.24	00:13:32.797	2.01884	2.02084			6
2025.12.24	00:13:33.008	2.01886	2.02086			6
2025.12.24	00:13:33.429	2.01888	2.02088			6
2025.12.24	00:13:33.817	2.01886	2.02086			6
2025.12.24	00:13:34.026	2.01894	2.02094			6
2025.12.24	00:13:34.413	2.01897	2.02097			6
2025.12.24	00:13:34.813	2.01892	2.02092			6
2025.12.24	00:13:35.024	2.01897	2.02097			6
2025.12.24	00:13:36.213	2.01890	2.02090			6
2025.12.24	00:13:36.421	2.01888	2.02088			6
2025.12.24	00:13:38.024	2.01889	2.02089			6
2025.12.24	00:13:39.212	2.01899	2.02099			6
2025.12.24	00:13:39.645	2.01894	2.02094			6
2025.12.24	00:13:39.826	2.01892	2.02092			6
2025.12.24	00:13:40.643	2.01890	2.02090			6
2025.12.24	00:13:40.852	2.01892	2.02092			6
2025.12.24	00:13:41.245	2.01894	2.02094			6
2025.12.24	00:13:41.451	2.01893	2.02093			6
2025.12.24	00:13:41.633	2.01901	2.02101			6
2025.12.24	00:13:41.818	2.01902	2.02102			6
2025.12.24	00:13:42.258	2.01903	2.02103			6
2025.12.24	00:13:42.439	2.01900	2.02100			6
2025.12.24	00:13:42.648	2.01902	2.02102			6
2025.12.24	00:13:44.856	2.01901	2.02101			6
2025.12.24	00:13:45.850	2.01900	2.02100			6
2025.12.24	00:13:50.886	2.01899	2.02099			6
2025.12.24	00:13:53.896	2.01891	2.02091			6
2025.12.24	00:13:54.688	2.01893	2.02093			6
2025.12.24	00:13:59.083	2.01894	2.02094			6
2025.12.24	00:14:00.506	2.01895	2.02095			6
2025.12.24	00:14:01.113	2.01901	2.02101			6
2025.12.24	00:14:01.324	2.01904	2.02104			6
2025.12.24	00:14:01.692	2.01894	2.02094			6
2025.12.24	00:14:03.126	2.01895	2.02095			6
2025.12.24	00:14:04.517	2.01903	2.02103			6
2025.12.24	00:14:04.728	2.01902	2.02102			6
2025.12.24	00:14:07.120	2.01901	2.02101			6
2025.12.24	00:14:10.124	2.01900	2.02100			6
2025.12.24	00:14:13.973	2.01893	2.02093			6
2025.12.24	00:14:14.152	2.01895	2.02095			6
2025.12.24	00:14:14.363	2.01903	2.02103			6
2025.12.24	00:14:14.544	2.01892	2.02092			6
2025.12.24	00:14:17.555	2.01898	2.02098			6
2025.12.24	00:14:17.765	2.01897	2.02097			6
2025.12.24	00:14:17.952	2.01898	2.02098			6
2025.12.24	00:14:18.153	2.01897	2.02097			6
2025.12.24	00:14:18.976	2.01890	2.02090			6
2025.12.24	00:14:19.185	2.01895	2.02095			6
2025.12.24	00:14:19.578	2.01894	2.02094			6
2025.12.24	00:14:19.762	2.01895	2.02095			6
2025.12.24	00:14:19.972	2.01897	2.02097			6
2025.12.24	00:14:20.165	2.01891	2.02091			6
2025.12.24	00:14:20.964	2.01895	2.02095			6
2025.12.24	00:14:21.174	2.01892	2.02092			6
2025.12.24	00:14:21.582	2.01890	2.02090			6
2025.12.24	00:14:22.195	2.01894	2.02094			6
2025.12.24	00:14:22.591	2.01890	2.02090			6
2025.12.24	00:14:23.192	2.01894	2.02094			6
2025.12.24	00:14:26.189	2.01897	2.02097			6
2025.12.24	00:14:26.400	2.01900	2.02100			6
2025.12.24	00:14:26.581	2.01886	2.02086			6
2025.12.24	00:14:26.786	2.01889	2.02089			6
2025.12.24	00:14:27.385	2.01895	2.02095			6
2025.12.24	00:14:27.787	2.01889	2.02089			6
2025.12.24	00:14:28.190	2.01890	2.02090			6
2025.12.24	00:14:30.816	2.01891	2.02091			6
2025.12.24	00:14:31.016	2.01889	2.02089			6
2025.12.24	00:14:32.212	2.01891	2.02091			6
2025.12.24	00:14:32.623	2.01899	2.02099			6
2025.12.24	00:14:32.804	2.01892	2.02092			6
2025.12.24	00:14:33.016	2.01891	2.02091			6
2025.12.24	00:14:33.226	2.01899	2.02099			6
2025.12.24	00:14:33.635	2.01893	2.02093			6
2025.12.24	00:14:33.814	2.01900	2.02100			6
2025.12.24	00:14:34.214	2.01894	2.02094			6
2025.12.24	00:14:36.619	2.01895	2.02095			6
2025.12.24	00:14:38.425	2.01894	2.02094			6
2025.12.24	00:14:40.041	2.01899	2.02099			6
2025.12.24	00:14:41.023	2.01901	2.02101			6
2025.12.24	00:14:41.432	2.01892	2.02092			6
2025.12.24	00:14:41.642	2.01889	2.02089			6
2025.12.24	00:14:42.426	2.01885	2.02085			6
2025.12.24	00:14:42.637	2.01888	2.02088			6
2025.12.24	00:14:43.039	2.01885	2.02085			6
2025.12.24	00:14:43.263	2.01886	2.02086			6
2025.12.24	00:14:43.860	2.01889	2.02089			6
2025.12.24	00:14:44.041	2.01892	2.02092			6
2025.12.24	00:14:50.677	2.01895	2.02095			6
2025.12.24	00:14:50.859	2.01898	2.02098			6
2025.12.24	00:14:51.682	2.01892	2.02092			6
2025.12.24	00:14:51.863	2.01895	2.02095			6
2025.12.24	00:14:55.479	2.01899	2.02099			6
2025.12.24	00:14:56.104	2.01895	2.02095			6
2025.12.24	00:14:56.894	2.01893	2.02093			6
2025.12.24	00:14:57.501	2.01896	2.02096			6
2025.12.24	00:14:57.699	2.01897	2.02097			6
2025.12.24	00:14:57.886	2.01894	2.02094			6
2025.12.24	00:14:58.508	2.01896	2.02096			6
2025.12.24	00:14:58.689	2.01895	2.02095			6
2025.12.24	00:14:58.888	2.01894	2.02094			6
2025.12.24	00:14:59.069	2.01893	2.02093			6
2025.12.24	00:14:59.505	2.01899	2.02099			6
2025.12.24	00:14:59.907	2.01892	2.02092			6
2025.12.24	00:15:00.087	2.01893	2.02093			6
2025.12.24	00:15:00.493	2.01895	2.02095			6
2025.12.24	00:15:00.892	2.01898	2.02098			6
2025.12.24	00:15:01.103	2.01900	2.02100			6
2025.12.24	00:15:03.111	2.01898	2.02098			6
2025.12.24	00:15:09.933	2.01892	2.02092			6
2025.12.24	00:15:10.127	2.01894	2.02094			6
2025.12.24	00:15:11.346	2.01893	2.02093			6
2025.12.24	00:15:15.164	2.01891	2.02091			6
2025.12.24	00:15:15.343	2.01894	2.02094			6
2025.12.24	00:15:15.540	2.01893	2.02093			6
2025.12.24	00:15:16.968	2.01895	2.02095			6
2025.12.24	00:15:17.148	2.01893	2.02093			6
2025.12.24	00:15:17.543	2.01897	2.02097			6
2025.12.24	00:15:17.971	2.01893	2.02093			6
2025.12.24	00:15:18.954	2.01894	2.02094			6
2025.12.24	00:15:19.579	2.01899	2.02099			6
2025.12.24	00:15:20.150	2.01893	2.02093			6
2025.12.24	00:15:20.976	2.01894	2.02094			6
2025.12.24	00:15:21.186	2.01895	2.02095			6
2025.12.24	00:15:22.981	2.01892	2.02092			6
2025.12.24	00:15:23.568	2.01895	2.02095			6
2025.12.24	00:15:23.787	2.01892	2.02092			6
2025.12.24	00:15:23.976	2.01897	2.02097			6
2025.12.24	00:15:24.603	2.01892	2.02092			6
2025.12.24	00:15:26.194	2.01897	2.02097			6
2025.12.24	00:15:26.581	2.01892	2.02092			6
2025.12.24	00:15:27.592	2.01894	2.02094			6
2025.12.24	00:15:27.803	2.01893	2.02093			6
2025.12.24	00:15:42.042	2.01894	2.02094			6
2025.12.24	00:15:43.035	2.01900	2.02100			6
2025.12.24	00:15:43.433	2.01890	2.02090			6
2025.12.24	00:15:43.619	2.01895	2.02095			6
2025.12.24	00:15:44.025	2.01894	2.02094			6
2025.12.24	00:15:44.252	2.01895	2.02095			6
2025.12.24	00:15:47.250	2.01896	2.02096			6
2025.12.24	00:15:51.862	2.01895	2.02095			6
2025.12.24	00:15:52.485	2.01896	2.02096			6
2025.12.24	00:15:52.689	2.01898	2.02098			6
2025.12.24	00:15:53.059	2.01893	2.02093			6
2025.12.24	00:15:53.273	2.01894	2.02094			6
2025.12.24	00:15:53.685	2.01896	2.02096			6
2025.12.24	00:15:53.876	2.01899	2.02099			6
2025.12.24	00:15:54.490	2.01893	2.02093			6
2025.12.24	00:15:55.075	2.01896	2.02096			6
2025.12.24	00:15:56.484	2.01895	2.02095			6
2025.12.24	00:15:56.702	2.01896	2.02096			6
2025.12.24	00:15:57.086	2.01898	2.02098			6
2025.12.24	00:15:58.486	2.01896	2.02096			6
2025.12.24	00:15:59.111	2.01898	2.02098			6
2025.12.24	00:16:00.489	2.01896	2.02096			6
2025.12.24	00:16:00.699	2.01897	2.02097			6
2025.12.24	00:16:00.910	2.01896	2.02096			6
2025.12.24	00:16:01.089	2.01898	2.02098			6
2025.12.24	00:16:02.519	2.01894	2.02094			6
2025.12.24	00:16:02.700	2.01895	2.02095			6
2025.12.24	00:16:03.300	2.01897	2.02097			6
2025.12.24	00:16:03.511	2.01901	2.02101			6
2025.12.24	00:16:03.905	2.01893	2.02093			6
2025.12.24	00:16:04.115	2.01896	2.02096			6
2025.12.24	00:16:04.326	2.01898	2.02098			6
2025.12.24	00:16:05.719	2.01896	2.02096			6
2025.12.24	00:16:06.326	2.01894	2.02094			6
2025.12.24	00:16:06.537	2.01895	2.02095			6
2025.12.24	00:16:06.696	2.01897	2.02097			6
2025.12.24	00:16:08.113	2.01894	2.02094			6
2025.12.24	00:16:08.323	2.01896	2.02096			6
2025.12.24	00:16:09.143	2.01903	2.02103			6
2025.12.24	00:16:09.728	2.01893	2.02093			6
2025.12.24	00:16:09.937	2.01896	2.02096			6
2025.12.24	00:16:10.312	2.01895	2.02095			6
2025.12.24	00:16:10.532	2.01898	2.02098			6
2025.12.24	00:16:12.335	2.01897	2.02097			6
2025.12.24	00:16:12.551	2.01896	2.02096			6
2025.12.24	00:16:13.138	2.01899	2.02099			6
2025.12.24	00:16:13.349	2.01903	2.02103			6
2025.12.24	00:16:13.752	2.01894	2.02094			6
2025.12.24	00:16:13.932	2.01895	2.02095			6
2025.12.24	00:16:14.560	2.01898	2.02098			6
2025.12.24	00:16:16.950	2.01896	2.02096			6
2025.12.24	00:16:17.557	2.01901	2.02101			6
2025.12.24	00:16:17.743	2.01904	2.02104			6
2025.12.24	00:16:19.773	2.01895	2.02095			6
2025.12.24	00:16:19.952	2.01896	2.02096			6
2025.12.24	00:16:22.572	2.01898	2.02098			6
2025.12.24	00:16:24.376	2.01886	2.02086			6
2025.12.24	00:16:25.188	2.01897	2.02097			6
2025.12.24	00:16:26.198	2.01887	2.02087			6
2025.12.24	00:16:26.978	2.01893	2.02093			6
2025.12.24	00:16:27.973	2.01894	2.02094			6
2025.12.24	00:16:31.795	2.01886	2.02086			6
2025.12.24	00:16:32.588	2.01892	2.02092			6
2025.12.24	00:16:32.797	2.01894	2.02094			6
2025.12.24	00:16:37.213	2.01886	2.02086			6
2025.12.24	00:16:37.813	2.01894	2.02094			6
2025.12.24	00:16:38.030	2.01897	2.02097			6
2025.12.24	00:16:38.601	2.01889	2.02089			6
2025.12.24	00:16:39.818	2.01898	2.02098			6
2025.12.24	00:16:40.036	2.01902	2.02102			6
2025.12.24	00:16:40.215	2.01886	2.02086			6
2025.12.24	00:16:41.035	2.01899	2.02099			6
2025.12.24	00:16:41.848	2.01887	2.02087			6
2025.12.24	00:16:42.245	2.01900	2.02100			6
2025.12.24	00:16:42.642	2.01886	2.02086			6
2025.12.24	00:16:43.222	2.01893	2.02093			6
2025.12.24	00:16:43.437	2.01894	2.02094			6
2025.12.24	00:16:51.256	2.01893	2.02093			6
2025.12.24	00:16:59.486	2.01891	2.02091			6
2025.12.24	00:17:01.279	2.01885	2.02085			6
2025.12.24	00:17:25.181	2.01881	2.02081			6
2025.12.24	00:17:31.791	2.01884	2.02084			6
2025.12.24	00:18:04.883	2.01883	2.02083			6
2025.12.24	00:18:05.088	2.01890	2.02090			6
2025.12.24	00:18:31.391	2.01891	2.02091			6
2025.12.24	00:18:33.197	2.01892	2.02092			6
2025.12.24	00:18:35.777	2.01894	2.02094			6
2025.12.24	00:18:39.207	2.01892	2.02092			6
2025.12.24	00:19:05.110	2.01901	2.02101			6
2025.12.24	00:19:14.136	2.01900	2.02100			6
2025.12.24	00:19:21.567	2.01901	2.02101			6
2025.12.24	00:19:27.987	2.01902	2.02102			6
2025.12.24	00:19:28.197	2.01900	2.02100			6
2025.12.24	00:19:34.986	2.01899	2.02099			6
2025.12.24	00:19:35.198	2.01900	2.02100			6
2025.12.24	00:19:37.014	2.01898	2.02098			6
2025.12.24	00:19:39.027	2.01899	2.02099			6
2025.12.24	00:19:39.208	2.01901	2.02101			6
2025.12.24	00:19:39.808	2.01899	2.02099			6
2025.12.24	00:19:40.610	2.01908	2.02108			6
2025.12.24	00:19:43.420	2.01909	2.02109			6
2025.12.24	00:19:44.628	2.01910	2.02110			6
2025.12.24	00:19:48.655	2.01911	2.02111			6
2025.12.24	00:19:49.247	2.01907	2.02107			6
2025.12.24	00:19:49.437	2.01911	2.02111			6
2025.12.24	00:19:50.244	2.01910	2.02110			6
2025.12.24	00:19:50.458	2.01911	2.02111			6
2025.12.24	00:19:53.676	2.01910	2.02110			6
2025.12.24	00:19:56.073	2.01900	2.02100			6
2025.12.24	00:19:57.175	2.01909				2
2025.12.24	00:19:57.489		2.02101			4
2025.12.24	00:20:00.289	2.01928	2.02128			6
2025.12.24	00:20:01.090	2.01938	2.02130			6
2025.12.24	00:20:01.269	2.01937				2
2025.12.24	00:20:04.491	2.01933				2
2025.12.24	00:20:05.911	2.01935				2
2025.12.24	00:20:07.496	2.01925	2.02125			6
2025.12.24	00:20:13.527	2.01927	2.02127			6
2025.12.24	00:20:17.522	2.01926	2.02126			6
2025.12.24	00:20:18.537	2.01927	2.02127			6
2025.12.24	00:20:21.357	2.01926	2.02126			6
2025.12.24	00:20:22.570	2.01930	2.02130			6
2025.12.24	00:20:23.952	2.01931				2
2025.12.24	00:20:29.577	2.01930				2
2025.12.24	00:20:42.621	2.01931				2
2025.12.24	00:20:45.236	2.01928	2.02128			6
2025.12.24	00:20:45.836	2.01932	2.02130			6
2025.12.24	00:20:46.038	2.01930				2
2025.12.24	00:20:47.240	2.01931				2
2025.12.24	00:20:47.451	2.01938				2
2025.12.24	00:20:48.232	2.01937				2
2025.12.24	00:20:48.456	2.01938				2
2025.12.24	00:20:55.444	2.01929	2.02129			6
2025.12.24	00:20:55.654	2.01931	2.02130			6
2025.12.24	00:20:56.263	2.01932				2
2025.12.24	00:21:07.904	2.01930				2
2025.12.24	00:21:17.324	2.01927	2.02127			6
2025.12.24	00:21:17.712	2.01926	2.02126			6
2025.12.24	00:21:25.343	2.01928	2.02128			6
2025.12.24	00:21:25.958	2.01931	2.02130			6
2025.12.24	00:21:26.159	2.01929	2.02129			6
2025.12.24	00:21:27.155	2.01934	2.02130			6
2025.12.24	00:21:35.382	2.01935				2
2025.12.24	00:21:37.387	2.01934				2
2025.12.24	00:21:42.403	2.01938				2
2025.12.24	00:21:46.234	2.01930				2
2025.12.24	00:21:47.005	2.01928	2.02128			6
2025.12.24	00:21:50.815	2.01937	2.02130			6
2025.12.24	00:21:54.657	2.01938				2
2025.12.24	00:21:54.836	2.01925	2.02125			6
2025.12.24	00:21:57.267	2.01926	2.02126			6
2025.12.24	00:21:58.268	2.01942	2.02130			6
2025.12.24	00:22:07.301	2.01937				2
2025.12.24	00:22:17.300	2.01940				2
2025.12.24	00:22:21.932	2.01942				2
2025.12.24	00:22:36.166	2.01936				2
2025.12.24	00:22:43.396	2.01928	2.02128			6
2025.12.24	00:22:47.205	2.01925	2.02125			6
2025.12.24	00:22:47.616	2.01927	2.02127			6
2025.12.24	00:22:50.817	2.01920	2.02120			6
2025.12.24	00:22:51.205	2.01918	2.02118			6
2025.12.24	00:22:51.417	2.01920	2.02120			6
2025.12.24	00:22:56.242	2.01919	2.02119			6
2025.12.24	00:22:56.860	2.01928	2.02128			6
2025.12.24	00:23:07.055	2.01929	2.02129			6
2025.12.24	00:23:07.682	2.01917	2.02117			6
2025.12.24	00:23:07.857	2.01928	2.02128			6
2025.12.24	00:23:09.079	2.01927	2.02127			6
2025.12.24	00:23:21.922	2.01919	2.02119			6
2025.12.24	00:23:22.131	2.01916	2.02116			6
2025.12.24	00:23:26.930	2.01926	2.02126			6
2025.12.24	00:23:27.144	2.01929	2.02129			6
2025.12.24	00:23:27.542	2.01921	2.02121			6
2025.12.24	00:23:28.765	2.01934	2.02130			6
2025.12.24	00:23:29.141	2.01919	2.02119			6
2025.12.24	00:23:29.548	2.01922	2.02122			6
2025.12.24	00:23:29.759	2.01932	2.02130			6
2025.12.24	00:23:29.949	2.01934				2
2025.12.24	00:23:32.365	2.01921	2.02121			6
2025.12.24	00:23:32.566	2.01922	2.02122			6
2025.12.24	00:23:35.177	2.01927	2.02127			6
2025.12.24	00:23:35.378	2.01934	2.02130			6
2025.12.24	00:23:37.798	2.01921	2.02121			6
2025.12.24	00:23:40.185	2.01922	2.02122			6
2025.12.24	00:23:40.367	2.01933	2.02130			6
2025.12.24	00:23:48.205	2.01920	2.02120			6
2025.12.24	00:23:49.005	2.01921	2.02121			6
2025.12.24	00:23:49.413	2.01920	2.02120			6
2025.12.24	00:23:52.418	2.01927	2.02127			6
2025.12.24	00:23:52.630	2.01935	2.02130			6
2025.12.24	00:23:53.017	2.01930				2
2025.12.24	00:23:54.612	2.01931				2
2025.12.24	00:23:57.048	2.01924	2.02124			6
2025.12.24	00:23:58.060	2.01923	2.02123			6
2025.12.24	00:23:58.249	2.01922	2.02122			6
2025.12.24	00:23:58.649	2.01919	2.02119			6
2025.12.24	00:23:58.860	2.01915	2.02115			6
2025.12.24	00:24:00.130	2.01918	2.02103			6
2025.12.24	00:24:01.050	2.01921				2
2025.12.24	00:24:02.263	2.01920				2
2025.12.24	00:24:03.678	2.01918				2
2025.12.24	00:24:06.282	2.01917	2.02117			6
2025.12.24	00:24:08.284	2.01919	2.02119			6
2025.12.24	00:24:10.086	2.01917	2.02117			6
2025.12.24	00:24:28.329	2.01918	2.02118			6
2025.12.24	00:24:29.937	2.01916	2.02116			6
2025.12.24	00:24:31.958	2.01917	2.02117			6
2025.12.24	00:24:32.145	2.01924	2.02124			6
2025.12.24	00:24:33.155	2.01928	2.02128			6
2025.12.24	00:24:36.168	2.01926	2.02126			6
2025.12.24	00:24:43.606	2.01925	2.02125			6
2025.12.24	00:24:46.615	2.01926	2.02126			6
2025.12.24	00:24:47.202	2.01925	2.02125			6
2025.12.24	00:24:51.627	2.01928	2.02128			6
2025.12.24	00:24:51.809	2.01926	2.02126			6
2025.12.24	00:24:57.022	2.01925	2.02125			6
2025.12.24	00:25:00.239	2.01926	2.02126			6
2025.12.24	00:25:03.449	2.01925	2.02125			6
2025.12.24	00:25:11.087	2.01920	2.02120			6
2025.12.24	00:25:11.268	2.01918	2.02118			6
2025.12.24	00:25:11.677	2.01920	2.02120			6
2025.12.24	00:25:18.520	2.01919	2.02119			6
2025.12.24	00:25:21.517	2.01920	2.02120			6
2025.12.24	00:25:26.944	2.01918	2.02118			6
2025.12.24	00:25:27.723	2.01919	2.02119			6
2025.12.24	00:25:37.555	2.01923	2.02123			6
2025.12.24	00:25:37.767	2.01924	2.02124			6
2025.12.24	00:25:42.986	2.01925	2.02125			6
2025.12.24	00:25:44.792	2.01923	2.02123			6
2025.12.24	00:25:48.595	2.01924	2.02124			6
2025.12.24	00:25:51.621	2.01923	2.02123			6
2025.12.24	00:25:51.802	2.01925	2.02125			6
2025.12.24	00:26:03.255	2.01924	2.02124			6
2025.12.24	00:26:07.247	2.01925	2.02125			6
2025.12.24	00:26:07.870	2.01924	2.02124			6
2025.12.24	00:26:10.276	2.01926	2.02126			6
2025.12.24	00:26:13.652	2.01924	2.02124			6
2025.12.24	00:26:25.290	2.01927	2.02127			6
2025.12.24	00:26:30.337	2.01926	2.02126			6
2025.12.24	00:26:31.109	2.01927	2.02127			6
2025.12.24	00:26:50.776	2.01923	2.02123			6
2025.12.24	00:26:52.806	2.01925	2.02125			6
2025.12.24	00:26:53.205	2.01923	2.02123			6
2025.12.24	00:26:55.417	2.01925	2.02125			6
2025.12.24	00:26:57.004	2.01923	2.02123			6
2025.12.24	00:27:10.458	2.01927	2.02127			6
2025.12.24	00:27:12.050	2.01929	2.02129			6
2025.12.24	00:27:18.676	2.01927	2.02127			6
2025.12.24	00:27:21.494	2.01932	2.02130			6
2025.12.24	00:27:21.879	2.01927	2.02127			6
2025.12.24	00:27:22.094	2.01932	2.02130			6
2025.12.24	00:27:22.277	2.01927	2.02127			6
2025.12.24	00:27:28.716	2.01929	2.02129			6
2025.12.24	00:27:47.183	2.01920	2.02120			6
2025.12.24	00:27:47.364	2.01922	2.02122			6
2025.12.24	00:27:57.195	2.01927	2.02127			6
2025.12.24	00:28:05.861	2.01928	2.02128			6
2025.12.24	00:28:06.055	2.01927	2.02127			6
2025.12.24	00:28:06.853	2.01929	2.02129			6
2025.12.24	00:28:10.452	2.01927	2.02127			6
2025.12.24	00:28:21.283	2.01929	2.02129			6
2025.12.24	00:28:23.481	2.01939	2.02130			6
2025.12.24	00:28:26.495	2.01940				2
2025.12.24	00:28:37.755	2.01939				2
2025.12.24	00:28:37.947	2.01940				2
2025.12.24	00:28:38.350	2.01938				2
2025.12.24	00:28:41.171	2.01940				2
2025.12.24	00:28:41.332	2.01932				2
2025.12.24	00:28:47.183	2.01939				2
2025.12.24	00:28:51.580	2.01938				2
2025.12.24	00:28:52.599	2.01926	2.02126			6
2025.12.24	00:28:57.600	2.01928	2.02128			6
2025.12.24	00:28:57.810	2.01927	2.02127			6
2025.12.24	00:29:01.816	2.01928	2.02128			6
2025.12.24	00:29:05.654	2.01922	2.02122			6
2025.12.24	00:29:05.828	2.01923	2.02123			6
2025.12.24	00:29:11.266	2.01922	2.02122			6
2025.12.24	00:29:16.281	2.01924	2.02124			6
2025.12.24	00:29:21.295	2.01922	2.02122			6
2025.12.24	00:29:24.493	2.01927	2.02127			6
2025.12.24	00:29:24.676	2.01926	2.02126			6
2025.12.24	00:29:24.885	2.01927	2.02127			6
2025.12.24	00:29:33.339	2.01926	2.02126			6
2025.12.24	00:29:41.365	2.01924	2.02124			6
2025.12.24	00:29:43.753	2.01925	2.02125			6
2025.12.24	00:29:47.185	2.01922	2.02122			6
2025.12.24	00:29:51.399	2.01920	2.02120			6
2025.12.24	00:29:52.375	2.01922	2.02122			6
2025.12.24	00:29:54.995	2.01920	2.02120			6
2025.12.24	00:30:00.155	2.01920				2
2025.12.24	00:30:00.217	2.01923				2
2025.12.24	00:30:00.402	2.01919	2.02119			6
2025.12.24	00:30:00.823	2.01923	2.02120			6
2025.12.24	00:30:01.820	2.01921				2
2025.12.24	00:30:03.415	2.01920				2
2025.12.24	00:30:03.626	2.01918	2.02118			6
2025.12.24	00:30:04.818	2.01912	2.02112			6
2025.12.24	00:30:05.630	2.01909	2.02109			6
2025.12.24	00:30:05.811	2.01911	2.02111			6
2025.12.24	00:30:06.833	2.01909	2.02109			6
2025.12.24	00:30:08.250	2.01908	2.02108			6
2025.12.24	00:30:09.229	2.01906	2.02106			6
2025.12.24	00:30:10.051	2.01909	2.02109			6
2025.12.24	00:30:15.664	2.01905	2.02105			6
2025.12.24	00:30:16.874	2.01907	2.02107			6
2025.12.24	00:30:17.264	2.01906	2.02106			6
2025.12.24	00:30:18.484	2.01912	2.02112			6
2025.12.24	00:30:21.107	2.01909	2.02109			6
2025.12.24	00:30:23.295	2.01907	2.02107			6
2025.12.24	00:30:25.507	2.01904	2.02104			6
2025.12.24	00:30:26.501	2.01908	2.02108			6
2025.12.24	00:30:27.504	2.01903	2.02103			6
2025.12.24	00:30:27.728	2.01906	2.02106			6
2025.12.24	00:30:28.108	2.01903	2.02103			6
2025.12.24	00:30:28.735	2.01904	2.02104			6
2025.12.24	00:30:31.527	2.01903	2.02103			6
2025.12.24	00:30:31.750	2.01901	2.02101			6
2025.12.24	00:30:32.144	2.01903	2.02103			6
2025.12.24	00:30:32.327	2.01904	2.02104			6
2025.12.24	00:30:32.538	2.01906	2.02106			6
2025.12.24	00:30:33.337	2.01891	2.02091			6
2025.12.24	00:30:33.555	2.01888	2.02088			6
2025.12.24	00:30:33.743	2.01886	2.02086			6
2025.12.24	00:30:35.340	2.01889	2.02089			6
2025.12.24	00:30:36.145	2.01892	2.02092			6
2025.12.24	00:30:41.766	2.01888	2.02088			6
2025.12.24	00:30:44.591	2.01883	2.02083			6
2025.12.24	00:30:47.210	2.01886	2.02086			6
2025.12.24	00:30:48.826	2.01881	2.02081			6
2025.12.24	00:30:51.438	2.01882	2.02082			6
2025.12.24	00:30:52.446	2.01887	2.02087			6
2025.12.24	00:30:56.849	2.01888	2.02088			6
2025.12.24	00:30:57.446	2.01880	2.02080			6
2025.12.24	00:30:58.860	2.01881	2.02081			6
2025.12.24	00:31:00.886	2.01882	2.02082			6
2025.12.24	00:31:01.066	2.01885	2.02085			6
2025.12.24	00:31:02.081	2.01886	2.02086			6
2025.12.24	00:31:02.251	2.01888	2.02088			6
2025.12.24	00:31:03.681	2.01890	2.02090			6
2025.12.24	00:31:03.894	2.01888	2.02088			6
2025.12.24	00:31:05.091	2.01891	2.02091			6
2025.12.24	00:31:08.515	2.01890	2.02090			6
2025.12.24	00:31:12.325	2.01891	2.02091			6
2025.12.24	00:31:13.313	2.01890	2.02090			6
2025.12.24	00:31:17.138	2.01892	2.02092			6
2025.12.24	00:31:17.328	2.01891	2.02091			6
2025.12.24	00:31:18.738	2.01884	2.02084			6
2025.12.24	00:31:18.934	2.01901	2.02098			6
2025.12.24	00:31:19.445		2.02101			4
2025.12.24	00:31:22.349	2.01903	2.02102			6
2025.12.24	00:31:26.051		2.02099			4
2025.12.24	00:31:26.365	2.01901				2
2025.12.24	00:31:26.722		2.02094			4
2025.12.24	00:31:27.374		2.02096			4
2025.12.24	00:31:27.406	2.01902				2
2025.12.24	00:31:27.771	2.01903				2
2025.12.24	00:31:29.002	2.01898				2
2025.12.24	00:31:30.555		2.02098			4
2025.12.24	00:31:31.996		2.02096			4
2025.12.24	00:31:32.217	2.01902				2
2025.12.24	00:31:32.650		2.02102			4
2025.12.24	00:31:33.279		2.02099			4
2025.12.24	00:31:33.818	2.01894	2.02094			6
2025.12.24	00:31:42.255	2.01897	2.02096			6
2025.12.24	00:31:45.927		2.02092			4
2025.12.24	00:31:47.077	2.01891	2.02091			6
2025.12.24	00:31:47.467	2.01894	2.02092			6
2025.12.24	00:31:47.574		2.02094			4
2025.12.24	00:31:48.051	2.01893	2.02093			6
2025.12.24	00:31:49.677	2.01895	2.02095			6
2025.12.24	00:31:57.094	2.01894	2.02094			6
2025.12.24	00:32:01.319	2.01895	2.02095			6
2025.12.24	00:32:06.118	2.01894	2.02094			6
2025.12.24	00:32:09.141	2.01906	2.02096			6
2025.12.24	00:32:10.451		2.02094			4
2025.12.24	00:32:11.435		2.02087			4
2025.12.24	00:32:11.549	2.01905				2
2025.12.24	00:32:17.594	2.01904				2
2025.12.24	00:32:18.808	2.01894				2
2025.12.24	00:32:20.034		2.02093			4
2025.12.24	00:32:20.165		2.02094			4
2025.12.24	00:32:21.221	2.01895	2.02095			6
2025.12.24	00:32:27.576		2.02090			4
2025.12.24	00:32:32.038	2.01896				2
2025.12.24	00:32:32.245	2.01901				2
2025.12.24	00:32:32.304		2.02087			4
2025.12.24	00:32:39.266	2.01896				2
2025.12.24	00:32:41.127		2.02080			4
2025.12.24	00:32:42.286	2.01898				2
2025.12.24	00:32:42.465	2.01893				2
2025.12.24	00:32:43.082		2.02083			4
2025.12.24	00:32:47.093	2.01895				2
2025.12.24	00:32:47.480	2.01892				2
2025.12.24	00:32:47.621		2.02087			4
2025.12.24	00:32:48.890	2.01889				2
2025.12.24	00:32:55.503		2.02089			4
2025.12.24	00:32:55.712	2.01890				2
2025.12.24	00:32:56.925	2.01892				2
2025.12.24	00:32:57.103	2.01895				2
2025.12.24	00:32:58.452		2.02095			4
2025.12.24	00:33:08.694	2.01895	2.02085			6
2025.12.24	00:33:08.754	2.01888				2
2025.12.24	00:33:08.940	2.01889				2
2025.12.24	00:33:09.141	2.01906				2
2025.12.24	00:33:09.385		2.02082			4
2025.12.24	00:33:09.542	2.01902				2
2025.12.24	00:33:10.731	2.01903				2
2025.12.24	00:33:13.980	2.01908				2
2025.12.24	00:33:14.153	2.01902				2
2025.12.24	00:33:15.923		2.02077			4
2025.12.24	00:33:18.004		2.02085			4
2025.12.24	00:33:18.768	2.01899				2
2025.12.24	00:33:18.977	2.01906				2
2025.12.24	00:33:20.438		2.02082			4
2025.12.24	00:33:21.177	2.01904				2
2025.12.24	00:33:27.083		2.02085			4
2025.12.24	00:33:27.204	2.01895				2
2025.12.24	00:33:29.152		2.02082			4
2025.12.24	00:33:32.205	2.01898				2
2025.12.24	00:33:33.671		2.02098			4
2025.12.24	00:33:33.733		2.02082			4
2025.12.24	00:33:33.825	2.01890				2
2025.12.24	00:33:35.133		2.02090			4
2025.12.24	00:33:40.263		2.02083			4
2025.12.24	00:33:42.385		2.02087			4
2025.12.24	00:33:45.646		2.02085			4
2025.12.24	00:33:47.065	2.01902				2
2025.12.24	00:33:47.095		2.02083			4
2025.12.24	00:33:47.253		2.02080			4
2025.12.24	00:33:48.773		2.02082			4
2025.12.24	00:33:48.861	2.01898				2
2025.12.24	00:33:57.299	2.01902				2
2025.12.24	00:34:01.732	2.01903				2
2025.12.24	00:34:03.650		2.02099			4
2025.12.24	00:34:03.722	2.01890	2.02090			6
2025.12.24	00:34:03.752		2.02087			4
2025.12.24	00:34:09.742	2.01892				2
2025.12.24	00:34:11.691		2.02085			4
2025.12.24	00:34:13.212		2.02087			4
2025.12.24	00:34:13.983		2.02091			4
2025.12.24	00:34:18.778	2.01899	2.02095			6
2025.12.24	00:34:21.395	2.01897				2
2025.12.24	00:34:21.551		2.02091			4
2025.12.24	00:34:23.133		2.02082			4
2025.12.24	00:34:25.981	2.01899				2
2025.12.24	00:34:26.439		2.02080			4
2025.12.24	00:34:26.591	2.01896				2
2025.12.24	00:34:33.838	2.01892				2
2025.12.24	00:34:34.041		2.02086			4
2025.12.24	00:34:36.131		2.02089			4
2025.12.24	00:34:38.033	2.01894				2
2025.12.24	00:34:40.299		2.02086			4
2025.12.24	00:34:43.669	2.01893				2
2025.12.24	00:34:45.276	2.01907				2
2025.12.24	00:34:47.072	2.01909				2
2025.12.24	00:34:47.194		2.02090			4
2025.12.24	00:34:47.254	2.01902				2
2025.12.24	00:34:47.464	2.01899				2
2025.12.24	00:34:47.495		2.02085			4
2025.12.24	00:34:47.566		2.02082			4
2025.12.24	00:34:57.272		2.02085			4
2025.12.24	00:34:57.303	2.01902				2
2025.12.24	00:34:59.970		2.02082			4
2025.12.24	00:35:00.030	2.01902	2.02080			6
2025.12.24	00:35:00.301	2.01900				2
2025.12.24	00:35:00.698	2.01904				2
2025.12.24	00:35:00.818		2.02069			4
2025.12.24	00:35:00.917	2.01903				2
2025.12.24	00:35:01.692		2.02097			4
2025.12.24	00:35:02.116	2.01898	2.02082			6
2025.12.24	00:35:08.730	2.01900				2
2025.12.24	00:35:08.760		2.02076			4
2025.12.24	00:35:08.954	2.01902				2
2025.12.24	00:35:11.443		2.02097			4
2025.12.24	00:35:12.226		2.02093			4
2025.12.24	00:35:12.349	2.01900				2
2025.12.24	00:35:12.502		2.02088			4
2025.12.24	00:35:12.563	2.01891				2
2025.12.24	00:35:12.654		2.02091			4
2025.12.24	00:35:13.844		2.02069			4
2025.12.24	00:35:15.931		2.02091			4
2025.12.24	00:35:20.969	2.01895	2.02093			6
2025.12.24	00:35:21.165	2.01897				2
2025.12.24	00:35:21.421		2.02069			4
2025.12.24	00:35:23.420		2.02097			4
2025.12.24	00:35:25.526		2.02090			4
2025.12.24	00:35:26.598	2.01895				2
2025.12.24	00:35:26.628		2.02095			4
2025.12.24	00:35:27.496		2.02076			4
2025.12.24	00:35:28.533		2.02072			4
2025.12.24	00:35:29.079		2.02086			4
2025.12.24	00:35:29.169		2.02095			4
2025.12.24	00:35:30.923		2.02076			4
2025.12.24	00:35:31.450		2.02072			4
2025.12.24	00:35:31.989		2.02083			4
2025.12.24	00:35:32.109		2.02086			4
2025.12.24	00:35:32.198	2.01890				2
2025.12.24	00:35:33.170		2.02090			4
2025.12.24	00:35:33.199	2.01892	2.02092			6
2025.12.24	00:35:36.289		2.02086			4
2025.12.24	00:35:37.634	2.01895				2
2025.12.24	00:35:40.544		2.02095			4
2025.12.24	00:35:41.744		2.02082			4
2025.12.24	00:35:42.861		2.02094			4
2025.12.24	00:35:44.178		2.02095			4
2025.12.24	00:35:44.237	2.01897	2.02097			6
2025.12.24	00:35:44.451	2.01890	2.02090			6
2025.12.24	00:35:44.579		2.02065			4
2025.12.24	00:35:44.852	2.01888				2
2025.12.24	00:35:45.619		2.02088			4
2025.12.24	00:35:45.866	2.01889	2.02089			6
2025.12.24	00:35:47.107		2.02088			4
2025.12.24	00:35:47.227		2.02089			4
2025.12.24	00:35:47.258	2.01900	2.02091			6
2025.12.24	00:35:47.601		2.02100			4
2025.12.24	00:35:49.279	2.01899	2.02099			6
2025.12.24	00:35:50.276	2.01898	2.02098			6
2025.12.24	00:35:51.835		2.02065			4
2025.12.24	00:35:52.079	2.01886				2
2025.12.24	00:35:52.487	2.01888				2
2025.12.24	00:35:52.548		2.02088			4
2025.12.24	00:35:56.195		2.02086			4
2025.12.24	00:35:56.280	2.01890				2
2025.12.24	00:35:56.483	2.01887				2
2025.12.24	00:35:57.296	2.01889				2
2025.12.24	00:36:00.318	2.01891				2
2025.12.24	00:36:02.317	2.01884	2.02084			6
2025.12.24	00:36:02.500	2.01883	2.02083			6
2025.12.24	00:36:06.931	2.01888	2.02086			6
2025.12.24	00:36:06.978		2.02088			4
2025.12.24	00:36:12.146	2.01889	2.02089			6
2025.12.24	00:36:12.542	2.01891	2.02091			6
2025.12.24	00:36:12.601		2.02067			4
2025.12.24	00:36:16.757	2.01888				2
2025.12.24	00:36:16.869		2.02063			4
2025.12.24	00:36:17.156	2.01884				2
2025.12.24	00:36:18.035		2.02084			4
2025.12.24	00:36:18.156	2.01882	2.02082			6
2025.12.24	00:36:19.780	2.01883	2.02083			6
2025.12.24	00:36:20.343	2.01888	2.02088			6
2025.12.24	00:36:22.094		2.02073			4
2025.12.24	00:36:22.423		2.02088			4
2025.12.24	00:36:23.446		2.02087			4
2025.12.24	00:36:23.566	2.01886	2.02086			6
2025.12.24	00:36:23.608		2.02084			4
2025.12.24	00:36:23.761	2.01889				2
2025.12.24	00:36:24.994	2.01887	2.02087			6
2025.12.24	00:36:25.237		2.02084			4
2025.12.24	00:36:25.356	2.01888				2
2025.12.24	00:36:25.567	2.01889				2
2025.12.24	00:36:26.096		2.02086			4
2025.12.24	00:36:26.186	2.01888				2
2025.12.24	00:36:26.569	2.01889				2
2025.12.24	00:36:27.346		2.02083			4
2025.12.24	00:36:27.670		2.02089			4
2025.12.24	00:36:28.016		2.02083			4
2025.12.24	00:36:28.324		2.02089			4
2025.12.24	00:36:28.543		2.02069			4
2025.12.24	00:36:28.970		2.02066			4
2025.12.24	00:36:29.292		2.02069			4
2025.12.24	00:36:29.382	2.01890				2
2025.12.24	00:36:29.571	2.01889				2
2025.12.24	00:36:29.607		2.02066			4
2025.12.24	00:36:29.896		2.02073			4
2025.12.24	00:36:30.246		2.02066			4
2025.12.24	00:36:30.344		2.02068			4
2025.12.24	00:36:30.405	2.01890				2
2025.12.24	00:36:30.561		2.02071			4
2025.12.24	00:36:30.892		2.02068			4
2025.12.24	00:36:31.001	2.01891				2
2025.12.24	00:36:31.195		2.02071			4
2025.12.24	00:36:31.598	2.01892				2
2025.12.24	00:36:31.657		2.02072			4
2025.12.24	00:36:31.793	2.01891				2
2025.12.24	00:36:31.989	2.01892				2
2025.12.24	00:36:32.208	2.01897				2
2025.12.24	00:36:32.444		2.02075			4
2025.12.24	00:36:32.604	2.01895				2
2025.12.24	00:36:36.008	2.01893				2
2025.12.24	00:36:38.358		2.02072			4
2025.12.24	00:36:42.251	2.01897				2
2025.12.24	00:36:43.449		2.02074			4
2025.12.24	00:36:46.546		2.02097			4
2025.12.24	00:36:46.649	2.01886	2.02086			6
2025.12.24	00:36:46.678		2.02073			4
2025.12.24	00:36:47.038	2.01892				2
2025.12.24	00:36:47.190		2.02092			4
2025.12.24	00:36:47.253	2.01894	2.02094			6
2025.12.24	00:36:47.433	2.01892	2.02092			6
2025.12.24	00:36:47.683		2.02081			4
2025.12.24	00:36:49.659	2.01893				2
2025.12.24	00:36:53.267		2.02093			4
2025.12.24	00:36:53.464	2.01891	2.02091			6
2025.12.24	00:36:57.278	2.01894	2.02094			6
2025.12.24	00:36:57.398		2.02085			4
2025.12.24	00:36:57.482	2.01907				2
2025.12.24	00:36:59.087	2.01904				2
2025.12.24	00:37:01.632	2.01904	2.02089			6
2025.12.24	00:37:01.692	2.01900				2
2025.12.24	00:37:02.063		2.02100			4
2025.12.24	00:37:06.918		2.02067			4
2025.12.24	00:37:07.116	2.01901				2
2025.12.24	00:37:09.639		2.02101			4
2025.12.24	00:37:09.712		2.02089			4
2025.12.24	00:37:11.722	2.01904				2
2025.12.24	00:37:12.217		2.02085			4
2025.12.24	00:37:12.332	2.01896				2
2025.12.24	00:37:12.503		2.02096			4
2025.12.24	00:37:12.625		2.02093			4
2025.12.24	00:37:12.731	2.01897	2.02089			6
2025.12.24	00:37:12.911	2.01898				2
2025.12.24	00:37:12.999		2.02087			4
2025.12.24	00:37:13.713	2.01900				2
2025.12.24	00:37:14.345	2.01898				2
2025.12.24	00:37:14.672		2.02074			4
2025.12.24	00:37:16.244		2.02070			4
2025.12.24	00:37:16.727		2.02074			4
2025.12.24	00:37:17.099		2.02093			4
2025.12.24	00:37:19.354	2.01900				2
2025.12.24	00:37:20.280		2.02100			4
2025.12.24	00:37:20.370	2.01894	2.02094			6
2025.12.24	00:37:21.150	2.01896	2.02096			6
2025.12.24	00:37:21.362	2.01894	2.02094			6
2025.12.24	00:37:21.971	2.01893	2.02093			6
2025.12.24	00:37:22.152	2.01891	2.02091			6
2025.12.24	00:37:22.532		2.02081			4
2025.12.24	00:37:23.231		2.02091			4
2025.12.24	00:37:25.552	2.01892	2.02092			6
2025.12.24	00:37:26.643		2.02070			4
2025.12.24	00:37:27.305		2.02083			4
2025.12.24	00:37:27.372	2.01889				2
2025.12.24	00:37:27.401		2.02089			4
2025.12.24	00:37:27.779	2.01894	2.02090			6
2025.12.24	00:37:28.518		2.02070			4
2025.12.24	00:37:30.570	2.01899				2
2025.12.24	00:37:30.780	2.01897				2
2025.12.24	00:37:32.990		2.02067			4
2025.12.24	00:37:33.395	2.01899				2
2025.12.24	00:37:33.603	2.01901				2
2025.12.24	00:37:34.386	2.01898				2
2025.12.24	00:37:34.446		2.02069			4
2025.12.24	00:37:34.813	2.01895				2
2025.12.24	00:37:34.993	2.01897				2
2025.12.24	00:37:35.192	2.01900				2
2025.12.24	00:37:35.422	2.01899				2
2025.12.24	00:37:35.996	2.01897				2
2025.12.24	00:37:36.209	2.01898				2
2025.12.24	00:37:38.055		2.02067			4
2025.12.24	00:37:38.996	2.01899				2
2025.12.24	00:37:42.844	2.01889				2
2025.12.24	00:37:45.391		2.02063			4
2025.12.24	00:37:45.449	2.01890				2
2025.12.24	00:37:45.927		2.02085			4
2025.12.24	00:37:47.292		2.02088			4
2025.12.24	00:37:48.857	2.01889				2
2025.12.24	00:37:48.886		2.02089			4
2025.12.24	00:37:49.235		2.02088			4
2025.12.24	00:37:49.451		2.02067			4
2025.12.24	00:37:51.271	2.01890				2
2025.12.24	00:37:51.639		2.02075			4
2025.12.24	00:37:53.854		2.02073			4
2025.12.24	00:37:53.884	2.01889				2
2025.12.24	00:37:55.012		2.02086			4
2025.12.24	00:37:55.073	2.01884	2.02084			6
2025.12.24	00:37:55.722		2.02070			4
2025.12.24	00:37:55.878	2.01893				2
2025.12.24	00:37:56.068	2.01891				2
2025.12.24	00:37:56.250		2.02067			4
2025.12.24	00:37:57.676	2.01894				2
2025.12.24	00:37:58.490	2.01896				2
2025.12.24	00:37:59.492	2.01900				2
2025.12.24	00:38:00.073	2.01891				2
2025.12.24	00:38:01.253		2.02074			4
2025.12.24	00:38:01.284	2.01889				2
2025.12.24	00:38:01.896		2.02070			4
2025.12.24	00:38:03.211		2.02072			4
2025.12.24	00:38:03.300	2.01910				2
2025.12.24	00:38:03.481	2.01899				2
2025.12.24	00:38:03.700	2.01903				2
2025.12.24	00:38:04.251		2.02087			4
2025.12.24	00:38:04.310	2.01911				2
2025.12.24	00:38:05.311	2.01899				2
2025.12.24	00:38:05.936		2.02089			4
2025.12.24	00:38:06.086	2.01891				2
2025.12.24	00:38:06.299	2.01894				2
2025.12.24	00:38:06.684	2.01892				2
2025.12.24	00:38:07.119		2.02087			4
2025.12.24	00:38:09.094	2.01893				2
2025.12.24	00:38:09.512	2.01895				2
2025.12.24	00:38:09.797		2.02078			4
2025.12.24	00:38:10.319	2.01894				2
2025.12.24	00:38:10.438		2.02080			4
2025.12.24	00:38:10.728	2.01893				2
2025.12.24	00:38:11.450		2.02072			4
2025.12.24	00:38:12.494		2.02074			4
2025.12.24	00:38:12.710	2.01897				2
2025.12.24	00:38:12.924	2.01894				2
2025.12.24	00:38:13.663		2.02078			4
2025.12.24	00:38:16.670		2.02080			4
2025.12.24	00:38:19.612		2.02088			4
2025.12.24	00:38:19.679		2.02089			4
2025.12.24	00:38:19.739	2.01901				2
2025.12.24	00:38:20.302		2.02092			4
2025.12.24	00:38:20.364	2.01906				2
2025.12.24	00:38:20.460		2.02090			4
2025.12.24	00:38:20.548	2.01902				2
2025.12.24	00:38:21.031		2.02093			4
2025.12.24	00:38:21.153	2.01906				2
2025.12.24	00:38:21.621		2.02077			4
2025.12.24	00:38:23.424		2.02082			4
2025.12.24	00:38:24.070		2.02076			4
2025.12.24	00:38:24.749		2.02074			4
2025.12.24	00:38:24.963	2.01905				2
2025.12.24	00:38:25.153	2.01897				2
2025.12.24	00:38:25.274		2.02077			4
2025.12.24	00:38:26.574		2.02094			4
2025.12.24	00:38:29.966		2.02086			4
2025.12.24	00:38:30.068		2.02094			4
2025.12.24	00:38:30.311		2.02097			4
2025.12.24	00:38:30.623		2.02074			4
2025.12.24	00:38:34.406	2.01896				2
2025.12.24	00:38:35.188		2.02079			4
2025.12.24	00:38:35.398	2.01901				2
2025.12.24	00:38:35.578	2.01902				2
2025.12.24	00:38:35.987	2.01895				2
2025.12.24	00:38:38.120		2.02074			4
2025.12.24	00:38:40.023	2.01896				2
2025.12.24	00:38:40.232	2.01904				2
2025.12.24	00:38:40.443		2.02080			4
2025.12.24	00:38:43.421	2.01907				2
2025.12.24	00:38:44.865		2.02072			4
2025.12.24	00:38:45.019	2.01900				2
2025.12.24	00:38:46.243		2.02076			4
2025.12.24	00:38:47.020	2.01901				2
2025.12.24	00:38:49.015		2.02040			4
2025.12.24	00:38:49.045	2.01876				2
2025.12.24	00:38:49.229	2.01877				2
2025.12.24	00:38:50.250	2.01880				2
2025.12.24	00:38:50.448	2.01878				2
2025.12.24	00:38:50.639	2.01879				2
2025.12.24	00:38:51.451	2.01875				2
2025.12.24	00:38:52.031	2.01879				2
2025.12.24	00:38:53.069	2.01875				2
2025.12.24	00:38:53.241	2.01876				2
2025.12.24	00:38:58.052	2.01879				2
2025.12.24	00:39:00.068	2.01883				2
2025.12.24	00:39:05.297	2.01888				2
2025.12.24	00:39:05.509	2.01886				2
2025.12.24	00:39:07.916	2.01888				2
2025.12.24	00:39:15.533	2.01880				2
2025.12.24	00:39:17.546	2.01878				2
2025.12.24	00:39:17.750	2.01880				2
2025.12.24	00:39:20.355	2.01885				2
2025.12.24	00:39:20.755	2.01888				2
2025.12.24	00:39:21.128	2.01885				2
2025.12.24	00:39:22.152	2.01881				2
2025.12.24	00:39:24.165	2.01883				2
2025.12.24	00:39:26.770	2.01880				2
2025.12.24	00:39:32.985	2.01885				2
2025.12.24	00:39:33.195	2.01886				2
2025.12.24	00:39:35.375	2.01888				2
2025.12.24	00:39:39.198	2.01885				2
2025.12.24	00:39:41.023	2.01883				2
2025.12.24	00:39:41.616	2.01885				2
2025.12.24	00:39:41.826	2.01888				2
2025.12.24	00:39:42.013	2.01885				2
2025.12.24	00:39:43.428	2.01883				2
2025.12.24	00:39:43.826	2.01887				2
2025.12.24	00:39:45.026	2.01883				2
2025.12.24	00:39:47.221	2.01885				2
2025.12.24	00:39:49.639	2.01883	2.02040			6
2025.12.24	00:39:49.849	2.01885				2
2025.12.24	00:39:50.031	2.01881				2
2025.12.24	00:39:50.241	2.01883				2
2025.12.24	00:39:50.453	2.01885				2
2025.12.24	00:39:59.075	2.01881				2
2025.12.24	00:40:00.076	2.01885				2
2025.12.24	00:40:03.107	2.01881				2
2025.12.24	00:40:03.683	2.01885				2
2025.12.24	00:40:04.300	2.01888				2
2025.12.24	00:40:05.301	2.01890				2
2025.12.24	00:40:07.113	2.01886				2
2025.12.24	00:40:09.107	2.01887				2
2025.12.24	00:40:13.513	2.01888				2
2025.12.24	00:40:13.699	2.01892				2
2025.12.24	00:40:14.904	2.01888				2
2025.12.24	00:40:25.366	2.01892				2
2025.12.24	00:40:25.764	2.01888				2
2025.12.24	00:40:38.183	2.01890				2
2025.12.24	00:40:38.401	2.01888				2
2025.12.24	00:40:39.796	2.01890				2
2025.12.24	00:40:40.007	2.01888				2
2025.12.24	00:40:41.445	2.01891				2
2025.12.24	00:40:48.201	2.01895				2
2025.12.24	00:40:48.416	2.01893				2
2025.12.24	00:40:51.219	2.01888	2.02040			6
2025.12.24	00:40:51.815	2.01891				2
2025.12.24	00:40:54.619	2.01893				2
2025.12.24	00:40:57.259	2.01891				2
2025.12.24	00:41:00.633	2.01894				2
2025.12.24	00:41:01.643	2.01891				2
2025.12.24	00:41:03.273	2.01894				2
2025.12.24	00:41:04.271	2.01893				2
2025.12.24	00:41:05.282	2.01894				2
2025.12.24	00:41:08.696	2.01898				2
2025.12.24	00:41:17.296	2.01894				2
2025.12.24	00:41:20.313	2.01893				2
2025.12.24	00:41:21.933	2.01896				2
2025.12.24	00:41:24.137	2.01898				2
2025.12.24	00:41:26.137	2.01886				2
2025.12.24	00:41:26.347	2.01889				2
2025.12.24	00:41:28.162	2.01894				2
2025.12.24	00:41:34.183	2.01891				2
2025.12.24	00:41:35.385	2.01888				2
2025.12.24	00:41:36.565	2.01891				2
2025.12.24	00:41:49.632	2.01893				2
2025.12.24	00:41:50.206	2.01896				2
2025.12.24	00:41:52.230	2.01893	2.02040			6
2025.12.24	00:41:56.851	2.01894				2
2025.12.24	00:41:59.054	2.01898				2
2025.12.24	00:42:04.069	2.01894				2
2025.12.24	00:42:04.675	2.01895				2
2025.12.24	00:42:05.057	2.01894				2
2025.12.24	00:42:08.483	2.01898				2
2025.12.24	00:42:26.140	2.01894				2
2025.12.24	00:42:28.330	2.01898				2
2025.12.24	00:42:33.751	2.01901				2
2025.12.24	00:42:35.363	2.01897				2
2025.12.24	00:42:37.576	2.01894				2
2025.12.24	00:42:42.372	2.01897				2
2025.12.24	00:42:46.210	2.01894				2
2025.12.24	00:43:11.289	2.01891	2.02040			6
2025.12.24	00:43:13.091	2.01894				2
2025.12.24	00:43:20.920	2.01891				2
2025.12.24	00:43:26.099		2.02075			4
2025.12.24	00:43:26.130	2.01911				2
2025.12.24	00:43:26.436		2.02072			4
2025.12.24	00:43:26.648		2.02076			4
2025.12.24	00:43:26.726	2.01915				2
2025.12.24	00:43:26.853		2.02040			4
2025.12.24	00:43:43.566	2.01911				2
2025.12.24	00:43:46.181	2.01915				2
2025.12.24	00:43:47.183	2.01911				2
2025.12.24	00:44:03.415	2.01915				2
2025.12.24	00:44:22.681	2.01911				2
2025.12.24	00:44:23.851	2.01915				2
2025.12.24	00:44:26.716		2.02079			4
2025.12.24	00:44:27.441		2.02040			4
2025.12.24	00:44:35.292	2.01911				2
2025.12.24	00:44:38.118	2.01913				2
2025.12.24	00:44:43.934	2.01915				2
2025.12.24	00:44:44.341	2.01905				2
2025.12.24	00:44:47.553	2.01904				2
2025.12.24	00:45:08.830	2.01904	2.02019			6
2025.12.24	00:45:12.235	2.01908				2
2025.12.24	00:45:12.518		2.02020			4
2025.12.24	00:45:15.005		2.02040			4
2025.12.24	00:45:15.455	2.01904				2
2025.12.24	00:45:24.660	2.01908				2
2025.12.24	00:45:26.082	2.01904				2
2025.12.24	00:45:28.073	2.01908				2
2025.12.24	00:45:28.156		2.02030			4
2025.12.24	00:45:28.276	2.01899				2
2025.12.24	00:45:36.544	2.01896				2
2025.12.24	00:45:39.942	2.01894				2
2025.12.24	00:45:43.157	2.01898				2
2025.12.24	00:45:43.752	2.01894				2
2025.12.24	00:45:53.578	2.01892				2
2025.12.24	00:45:59.840	2.01896				2
2025.12.24	00:46:13.083	2.01892				2
2025.12.24	00:46:16.893	2.01896				2
2025.12.24	00:46:23.551	2.01892				2
2025.12.24	00:46:29.371	2.01901	2.02030			6
2025.12.24	00:46:29.578	2.01903				2
2025.12.24	00:46:30.574	2.01901				2
2025.12.24	00:46:31.780	2.01903				2
2025.12.24	00:46:38.799	2.01899				2
2025.12.24	00:46:39.221	2.01903				2
2025.12.24	00:46:39.409	2.01899				2
2025.12.24	00:46:40.991	2.01903				2
2025.12.24	00:46:41.941		2.02040			4
2025.12.24	00:46:42.032	2.01906				2
2025.12.24	00:46:42.242	2.01910				2
2025.12.24	00:46:42.611	2.01911				2
2025.12.24	00:46:43.435	2.01908				2
2025.12.24	00:46:43.829	2.01911				2
2025.12.24	00:46:57.276	2.01908				2
2025.12.24	00:46:57.485	2.01911				2
2025.12.24	00:46:59.291	2.01908				2
2025.12.24	00:47:05.526	2.01906				2
2025.12.24	00:47:05.729	2.01908				2
2025.12.24	00:47:08.992		2.02023			4
2025.12.24	00:47:09.143	2.01911				2
2025.12.24	00:47:12.344	2.01908				2
2025.12.24	00:47:15.302		2.02040			4
2025.12.24	00:47:15.768	2.01911				2
2025.12.24	00:47:18.385	2.01908				2
2025.12.24	00:47:19.787	2.01909				2
2025.12.24	00:47:21.389	2.01910				2
2025.12.24	00:47:23.784	2.01909				2
2025.12.24	00:47:25.601	2.01910				2
2025.12.24	00:47:29.830	2.01911				2
2025.12.24	00:47:30.453	2.01915				2
2025.12.24	00:47:33.848	2.01911				2
2025.12.24	00:47:42.057	2.01913				2
2025.12.24	00:47:42.459	2.01915				2
2025.12.24	00:47:50.279	2.01914				2
2025.12.24	00:47:55.209		2.02030			4
2025.12.24	00:47:55.299	2.01902				2
2025.12.24	00:48:00.735	2.01901				2
2025.12.24	00:48:01.544	2.01900				2
2025.12.24	00:48:20.558	2.01897				2
2025.12.24	00:48:23.798	2.01900				2
2025.12.24	00:48:25.407	2.01899				2
2025.12.24	00:48:25.596	2.01900				2
2025.12.24	00:48:28.808	2.01907				2
2025.12.24	00:48:29.205	2.01905				2
2025.12.24	00:48:31.204	2.01902				2
2025.12.24	00:48:41.559		2.02040			4
2025.12.24	00:48:41.650	2.01916				2
2025.12.24	00:48:44.633	2.01918				2
2025.12.24	00:48:46.849	2.01914				2
2025.12.24	00:48:47.054	2.01915				2
2025.12.24	00:48:50.066	2.01918				2
2025.12.24	00:48:50.461	2.01921				2
2025.12.24	00:48:51.073	2.01917				2
2025.12.24	00:48:56.708	2.01912				2
2025.12.24	00:48:56.881	2.01915				2
2025.12.24	00:49:00.299	2.01912				2
2025.12.24	00:49:04.123	2.01915				2
2025.12.24	00:49:06.328	2.01914				2
2025.12.24	00:49:06.509	2.01915				2
2025.12.24	00:49:11.740	2.01914				2
2025.12.24	00:49:11.955	2.01915				2
2025.12.24	00:49:12.139	2.01912				2
2025.12.24	00:49:12.354	2.01915				2
2025.12.24	00:49:16.168	2.01912				2
2025.12.24	00:49:17.562	2.01915				2
2025.12.24	00:49:24.995	2.01917				2
2025.12.24	00:49:41.643	2.01915	2.02040			6
2025.12.24	00:49:41.844	2.01917				2
2025.12.24	00:49:52.870	2.01915				2
2025.12.24	00:49:53.081	2.01917				2
2025.12.24	00:49:58.495	2.01919				2
2025.12.24	00:50:02.917	2.01915				2
2025.12.24	00:50:03.110	2.01919				2
2025.12.24	00:50:06.727	2.01917				2
2025.12.24	00:50:07.305	2.01914				2
2025.12.24	00:50:08.725	2.01921				2
2025.12.24	00:50:11.740	2.01922				2
2025.12.24	00:50:12.530	2.01933				2
2025.12.24	00:50:12.561		2.02050			4
2025.12.24	00:50:15.141	2.01936				2
2025.12.24	00:50:18.353	2.01934				2
2025.12.24	00:50:19.548	2.01935				2
2025.12.24	00:50:29.591	2.01931				2
2025.12.24	00:50:38.811	2.01933				2
2025.12.24	00:50:52.444	2.01931				2
2025.12.24	00:50:54.060	2.01928				2
2025.12.24	00:50:58.046	2.01929				2
2025.12.24	00:51:13.284	2.01930	2.02050			6
2025.12.24	00:51:22.307	2.01929				2
2025.12.24	00:51:30.140	2.01928				2
2025.12.24	00:51:30.349	2.01929				2
2025.12.24	00:51:45.391	2.01933				2
2025.12.24	00:51:46.390	2.01929				2
2025.12.24	00:51:59.632	2.01930				2
2025.12.24	00:52:12.631	2.01930	2.02081			6
2025.12.24	00:52:12.869	2.01926				2
2025.12.24	00:52:15.291	2.01933	2.02060			6
2025.12.24	00:52:15.500	2.01930	2.02084			6
2025.12.24	00:52:15.560		2.02080			4
2025.12.24	00:52:18.716	2.01926	2.02088			6
2025.12.24	00:52:20.250		2.02089			4
2025.12.24	00:52:20.311		2.02088			4
2025.12.24	00:52:27.716	2.01930				2
2025.12.24	00:52:29.929	2.01928	2.02087			6
2025.12.24	00:52:30.077		2.02083			4
2025.12.24	00:52:30.137	2.01925				2
2025.12.24	00:52:30.166		2.02085			4
2025.12.24	00:52:30.577		2.02084			4
2025.12.24	00:52:33.429		2.02085			4
2025.12.24	00:52:33.931		2.02084			4
2025.12.24	00:52:34.058		2.02085			4
2025.12.24	00:52:34.364	2.01928				2
2025.12.24	00:52:34.765	2.01921				2
2025.12.24	00:52:37.970	2.01925				2
2025.12.24	00:52:40.128		2.02076			4
2025.12.24	00:52:40.263		2.02080			4
2025.12.24	00:52:40.422		2.02083			4
2025.12.24	00:52:44.998	2.01928				2
2025.12.24	00:52:45.028		2.02085			4
2025.12.24	00:52:45.178	2.01925	2.02086			6
2025.12.24	00:52:45.437		2.02080			4
2025.12.24	00:52:45.720		2.02087			4
2025.12.24	00:52:45.810	2.01940	2.02094			6
2025.12.24	00:52:46.090		2.02116			4
2025.12.24	00:52:46.803	2.01944				2
2025.12.24	00:52:46.982	2.01943				2
2025.12.24	00:52:47.194	2.01938				2
2025.12.24	00:52:47.222		2.02082			4
2025.12.24	00:52:47.372	2.01943				2
2025.12.24	00:52:47.739		2.02089			4
2025.12.24	00:52:47.798	2.01938				2
2025.12.24	00:52:48.010	2.01941				2
2025.12.24	00:52:48.204	2.01937				2
2025.12.24	00:52:48.384	2.01940				2
2025.12.24	00:52:48.414		2.02085			4
2025.12.24	00:52:48.595	2.01938				2
2025.12.24	00:52:49.217		2.02082			4
2025.12.24	00:52:49.588	2.01940				2
2025.12.24	00:52:49.799	2.01941				2
2025.12.24	00:52:49.829		2.02085			4
2025.12.24	00:52:49.999	2.01939				2
2025.12.24	00:52:50.597	2.01937				2
2025.12.24	00:52:51.186		2.02082			4
2025.12.24	00:52:52.655		2.02085			4
2025.12.24	00:52:54.065		2.02120			4
2025.12.24	00:52:54.203	2.01936				2
2025.12.24	00:52:54.422	2.01937				2
2025.12.24	00:52:54.754		2.02118			4
2025.12.24	00:52:57.002	2.01938				2
2025.12.24	00:52:58.040	2.01936				2
2025.12.24	00:52:58.234		2.02087			4
2025.12.24	00:53:04.237	2.01936	2.02121			6
2025.12.24	00:53:04.834	2.01932				2
2025.12.24	00:53:05.033	2.01927				2
2025.12.24	00:53:05.103		2.02087			4
2025.12.24	00:53:05.849	2.01926				2
2025.12.24	00:53:06.067		2.02094			4
2025.12.24	00:53:06.247	2.01928				2
2025.12.24	00:53:07.865	2.01926				2
2025.12.24	00:53:08.144		2.02090			4
2025.12.24	00:53:08.265	2.01928				2
2025.12.24	00:53:16.087	2.01927				2
2025.12.24	00:53:22.329	2.01904	2.02021			6
2025.12.24	00:53:22.717	2.01906				2
2025.12.24	00:53:30.586		2.02023			4
2025.12.24	00:53:42.578	2.01908				2
2025.12.24	00:53:51.987	2.01906				2
2025.12.24	00:53:53.397	2.01908				2
2025.12.24	00:53:56.903		2.02019			4
2025.12.24	00:53:56.994	2.01911				2
2025.12.24	00:54:01.317	2.01911	2.02023			6
2025.12.24	00:54:01.447	2.01908				2
2025.12.24	00:54:07.863	2.01906				2
2025.12.24	00:54:12.014		2.02026			4
2025.12.24	00:54:12.072	2.01908				2
2025.12.24	00:54:14.073	2.01911				2
2025.12.24	00:54:14.134		2.02030			4
2025.12.24	00:54:14.285	2.01910				2
2025.12.24	00:54:15.067	2.01906				2
2025.12.24	00:54:16.872	2.01908				2
2025.12.24	00:54:19.682		2.02020			4
2025.12.24	00:54:21.105	2.01912				2
2025.12.24	00:54:25.883	2.01911				2
2025.12.24	00:54:27.503	2.01908				2
2025.12.24	00:54:37.352	2.01910				2
2025.12.24	00:54:43.764	2.01912				2
2025.12.24	00:54:53.001	2.01908	2.02012			6
2025.12.24	00:54:56.373		2.02014			4
2025.12.24	00:54:58.828	2.01906				2
2025.12.24	00:55:00.264	2.01906	2.02012			6
2025.12.24	00:55:05.183		2.02011			4
2025.12.24	00:55:06.449	2.01907				2
2025.12.24	00:55:06.730		2.02014			4
2025.12.24	00:55:07.843	2.01905				2
2025.12.24	00:55:10.254	2.01903				2
2025.12.24	00:55:10.343		2.02018			4
2025.12.24	00:55:10.457	2.01900				2
2025.12.24	00:55:11.233		2.02019			4
2025.12.24	00:55:18.484	2.01902				2
2025.12.24	00:55:22.152		2.02020			4
2025.12.24	00:55:22.302	2.01898				2
2025.12.24	00:55:34.326	2.01902				2
2025.12.24	00:55:36.555	2.01898				2
2025.12.24	00:55:40.754	2.01900				2
2025.12.24	00:55:49.476		2.02019			4
2025.12.24	00:55:53.195	2.01899				2
2025.12.24	00:56:02.235	2.01901				2
2025.12.24	00:56:05.181		2.02020			4
2025.12.24	00:56:13.184		2.02019			4
2025.12.24	00:56:23.244		2.02018			4
2025.12.24	00:56:23.304	2.01897				2
2025.12.24	00:56:31.187		2.02019			4
2025.12.24	00:56:33.319	2.01894				2
2025.12.24	00:56:41.232		2.02018			4
2025.12.24	00:56:41.542		2.02019			4
2025.12.24	00:56:41.960		2.02021			4
2025.12.24	00:56:42.263		2.02018			4
2025.12.24	00:56:48.174		2.02016			4
2025.12.24	00:56:51.282		2.02019			4
2025.12.24	00:56:51.391	2.01890				2
2025.12.24	00:56:56.989	2.01896				2
2025.12.24	00:57:03.998	2.01896	2.02021			6
2025.12.24	00:57:04.030	2.01891				2
2025.12.24	00:57:04.209	2.01889				2
2025.12.24	00:57:06.480		2.02018			4
2025.12.24	00:57:06.631	2.01892				2
2025.12.24	00:57:06.958		2.02016			4
2025.12.24	00:57:07.030	2.01896				2
2025.12.24	00:57:07.218	2.01898				2
2025.12.24	00:57:10.838	2.01897				2
2025.12.24	00:57:11.412		2.02019			4
2025.12.24	00:57:11.442	2.01894				2
2025.12.24	00:57:14.050	2.01896				2
2025.12.24	00:57:18.447	2.01891				2
2025.12.24	00:57:22.176		2.02018			4
2025.12.24	00:57:22.891	2.01918	2.02026			6
2025.12.24	00:57:25.287	2.01917				2
2025.12.24	00:57:36.320	2.01915				2
2025.12.24	00:57:36.349		2.02021			4
2025.12.24	00:57:36.530	2.01917				2
2025.12.24	00:57:37.381		2.02023			4
2025.12.24	00:57:44.553	2.01915				2
2025.12.24	00:57:46.806		2.02024			4
2025.12.24	00:57:46.959	2.01917				2
2025.12.24	00:57:47.139	2.01918				2
2025.12.24	00:57:48.165	2.01915				2
2025.12.24	00:57:48.194		2.02028			4
2025.12.24	00:57:48.736	2.01913				2
2025.12.24	00:57:49.090		2.02030			4
2025.12.24	00:57:51.353	2.01915				2
2025.12.24	00:57:51.474		2.02025			4
2025.12.24	00:57:51.564	2.01912				2
2025.12.24	00:57:56.188	2.01908	2.02028			6
2025.12.24	00:57:56.397	2.01910				2
2025.12.24	00:57:59.053		2.02030			4
2025.12.24	00:58:00.178	2.01910	2.02031			6
2025.12.24	00:58:00.209	2.01907				2
2025.12.24	00:58:02.832		2.02038			4
2025.12.24	00:58:03.013	2.01905				2
2025.12.24	00:58:05.213	2.01903				2
2025.12.24	00:58:07.140		2.02037			4
2025.12.24	00:58:07.231	2.01907				2
2025.12.24	00:58:07.429	2.01909				2
2025.12.24	00:58:09.318		2.02028			4
2025.12.24	00:58:09.421	2.01907				2
2025.12.24	00:58:09.844	2.01909				2
2025.12.24	00:58:10.632	2.01915	2.02021			6
2025.12.24	00:58:11.288		2.02023			4
2025.12.24	00:58:11.446	2.01917				2
2025.12.24	00:58:11.829	2.01919				2
2025.12.24	00:58:11.921		2.02021			4
2025.12.24	00:58:12.071		2.02023			4
2025.12.24	00:58:13.376		2.02025			4
2025.12.24	00:58:15.764		2.02031			4
2025.12.24	00:58:15.835	2.01912				2
2025.12.24	00:58:17.205		2.02033			4
2025.12.24	00:58:17.265	2.01908				2
2025.12.24	00:58:20.368		2.02030			4
2025.12.24	00:58:20.459	2.01915				2
2025.12.24	00:58:20.489		2.02026			4
2025.12.24	00:58:21.346		2.02025			4
2025.12.24	00:58:22.950		2.02023			4
2025.12.24	00:58:27.484	2.01913				2
2025.12.24	00:58:27.696	2.01910	2.02026			6
2025.12.24	00:58:28.959		2.02019			4
2025.12.24	00:58:29.109	2.01913	2.02025			6
2025.12.24	00:58:29.410		2.02028			4
2025.12.24	00:58:29.501	2.01907				2
2025.12.24	00:58:30.206		2.02030			4
2025.12.24	00:58:30.975		2.02037			4
2025.12.24	00:58:31.064		2.02026			4
2025.12.24	00:58:31.095	2.01910				2
2025.12.24	00:58:33.694	2.01907				2
2025.12.24	00:58:33.724		2.02031			4
2025.12.24	00:58:34.219		2.02030			4
2025.12.24	00:58:35.249		2.02031			4
2025.12.24	00:58:35.520	2.01905				2
2025.12.24	00:58:37.060		2.02021			4
2025.12.24	00:58:37.121	2.01915				2
2025.12.24	00:58:37.181		2.02019			4
2025.12.24	00:58:42.555	2.01917				2
2025.12.24	00:58:43.334	2.01915				2
2025.12.24	00:58:44.150	2.01912				2
2025.12.24	00:58:44.209		2.02023			4
2025.12.24	00:58:45.339	2.01913				2
2025.12.24	00:58:52.836		2.02025			4
2025.12.24	00:58:52.966	2.01912				2
2025.12.24	00:58:53.205		2.02026			4
2025.12.24	00:58:55.177	2.01908	2.02028			6
2025.12.24	00:58:55.387	2.01910				2
2025.12.24	00:58:56.925		2.02026			4
2025.12.24	00:58:57.981	2.01912				2
2025.12.24	00:58:58.786	2.01910				2
2025.12.24	00:59:00.786	2.01908				2
2025.12.24	00:59:01.787	2.01910				2
2025.12.24	00:59:03.281		2.02028			4
2025.12.24	00:59:04.414	2.01908				2
2025.12.24	00:59:04.619	2.01910				2
2025.12.24	00:59:07.599	2.01907				2
2025.12.24	00:59:11.146		2.02030			4
2025.12.24	00:59:11.236	2.01912				2
2025.12.24	00:59:11.823	2.01902				2
2025.12.24	00:59:11.852		2.02040			4
2025.12.24	00:59:11.972		2.02030			4
2025.12.24	00:59:12.031	2.01912				2
2025.12.24	00:59:12.220	2.01910				2
2025.12.24	00:59:12.340		2.02028			4
2025.12.24	00:59:12.429	2.01912				2
2025.12.24	00:59:15.745		2.02035			4
2025.12.24	00:59:15.836	2.01910				2
2025.12.24	00:59:15.866		2.02028			4
2025.12.24	00:59:16.248	2.01912	2.02026			6
2025.12.24	00:59:16.836	2.01910				2
2025.12.24	00:59:17.093		2.02023			4
2025.12.24	00:59:17.535		2.02033			4
2025.12.24	00:59:17.655	2.01903				2
2025.12.24	00:59:18.248	2.01900	2.02037			6
2025.12.24	00:59:18.366		2.02033			4
2025.12.24	00:59:20.226		2.02030			4
2025.12.24	00:59:20.256	2.01903				2
2025.12.24	00:59:22.661		2.02037			4
2025.12.24	00:59:22.808		2.02026			4
2025.12.24	00:59:22.869	2.01907				2
2025.12.24	00:59:22.898		2.02031			4
2025.12.24	00:59:23.020		2.02030			4
2025.12.24	00:59:23.050	2.01903				2
2025.12.24	00:59:25.871	2.01904				2
2025.12.24	00:59:26.276	2.01905				2
2025.12.24	00:59:27.387		2.02031			4
2025.12.24	00:59:30.073	2.01907				2
2025.12.24	00:59:30.254		2.02030			4
2025.12.24	00:59:30.285	2.01905				2
2025.12.24	00:59:30.374		2.02028			4
2025.12.24	00:59:30.464	2.01911				2
2025.12.24	00:59:33.238		2.02025			4
2025.12.24	00:59:33.298	2.01914				2
2025.12.24	00:59:33.357		2.02021			4
2025.12.24	00:59:33.477	2.01911				2
2025.12.24	00:59:35.307	2.01910				2
2025.12.24	00:59:35.624		2.02018			4
2025.12.24	00:59:35.712	2.01914				2
2025.12.24	00:59:39.179		2.02021			4
2025.12.24	00:59:39.321	2.01910				2
2025.12.24	00:59:40.921	2.01907				2
2025.12.24	00:59:41.132	2.01910				2
2025.12.24	00:59:42.036		2.02026			4
2025.12.24	00:59:42.127	2.01902				2
2025.12.24	00:59:43.318	2.01898				2
2025.12.24	00:59:43.437		2.02025			4
2025.12.24	00:59:43.531	2.01900				2
2025.12.24	00:59:43.712	2.01903				2
2025.12.24	00:59:43.772		2.02016			4
2025.12.24	00:59:43.861		2.02018			4
2025.12.24	00:59:43.921	2.01907				2
2025.12.24	00:59:44.117	2.01903				2
2025.12.24	00:59:44.147		2.02023			4
2025.12.24	00:59:44.919	2.01900				2
2025.12.24	00:59:45.115	2.01903				2
2025.12.24	00:59:45.579		2.02021			4
2025.12.24	00:59:46.680		2.02031			4
2025.12.24	00:59:46.742	2.01902				2
2025.12.24	00:59:46.770		2.02026			4
2025.12.24	00:59:46.920		2.02028			4
2025.12.24	00:59:46.951	2.01900				2
2025.12.24	00:59:47.249		2.02026			4
2025.12.24	00:59:50.654		2.02019			4
2025.12.24	00:59:50.745	2.01907				2
2025.12.24	00:59:50.957	2.01905	2.02026			6
2025.12.24	00:59:52.973	2.01909				2
2025.12.24	00:59:54.370	2.01907				2
2025.12.24	00:59:54.689		2.02028			4
2025.12.24	00:59:54.749	2.01903				2
2025.12.24	00:59:55.966	2.01904				2
2025.12.24	00:59:56.189	2.01907	2.02025			6
2025.12.24	00:59:57.162	2.01911				2
2025.12.24	00:59:57.252		2.02021			4
2025.12.24	00:59:58.180	2.01907	2.02025			6
2025.12.24	00:59:58.579	2.01906				2
2025.12.24	01:00:00.139	2.01906	2.02020			6
2025.12.24	01:00:00.200	2.01913				2
2025.12.24	01:00:00.712	2.01915	2.02016			6
2025.12.24	01:00:00.892	2.01918				2
2025.12.24	01:00:01.494	2.01960	2.01991			6
2025.12.24	01:00:01.916	2.01962	2.01992			6
2025.12.24	01:00:02.307		2.01993			4
2025.12.24	01:00:04.708	2.01898	2.02003			6
2025.12.24	01:00:06.333		2.02002			4
2025.12.24	01:00:06.937	2.01900				2
2025.12.24	01:00:07.118		2.02000			4
2025.12.24	01:00:07.330	2.01898				2
2025.12.24	01:00:07.930	2.01900				2
2025.12.24	01:00:08.329	2.01902				2
2025.12.24	01:00:08.722	2.01900				2
2025.12.24	01:00:08.932	2.01902				2
2025.12.24	01:00:09.995		2.02002			4
2025.12.24	01:00:10.134	2.01900				2
2025.12.24	01:00:11.338		2.02003			4
2025.12.24	01:00:12.149		2.02002			4
2025.12.24	01:00:12.690		2.01992			4
2025.12.24	01:00:13.959		2.01988			4
2025.12.24	01:00:14.049		2.01990			4
2025.12.24	01:00:14.169	2.01903				2
2025.12.24	01:00:16.211		2.01999			4
2025.12.24	01:00:16.424		2.02001			4
2025.12.24	01:00:16.544	2.01893	2.01992			6
2025.12.24	01:00:16.574		2.01991			4
2025.12.24	01:00:17.180		2.01971			4
2025.12.24	01:00:18.039		2.01961			4
2025.12.24	01:00:18.159	2.01889				2
2025.12.24	01:00:18.340		2.01986			4
2025.12.24	01:00:18.371	2.01890	2.01982			6
2025.12.24	01:00:18.551	2.01889				2
2025.12.24	01:00:20.557	2.01900	2.01974			6
2025.12.24	01:00:20.766	2.01895	2.01977			6
2025.12.24	01:00:20.960	2.01891	2.01980			6
2025.12.24	01:00:21.169	2.01893	2.01979			6
2025.12.24	01:00:22.984	2.01895				2
2025.12.24	01:00:23.195	2.01896	2.01977			6
2025.12.24	01:00:24.379	2.01914	2.01992			6
2025.12.24	01:00:24.414		2.01993			4
2025.12.24	01:00:24.554		2.01996			4
2025.12.24	01:00:26.199		2.01994			4
2025.12.24	01:00:26.589		2.01995			4
2025.12.24	01:00:28.998		2.01994			4
2025.12.24	01:00:29.798	2.01907	2.01987			6
2025.12.24	01:00:30.009	2.01899	2.01981			6
2025.12.24	01:00:30.218		2.01983			4
2025.12.24	01:00:30.400	2.01902	2.01981			6
2025.12.24	01:00:30.608	2.01899				2
2025.12.24	01:00:31.192		2.01979			4
2025.12.24	01:00:31.793	2.01900	2.01976			6
2025.12.24	01:00:32.005	2.01903	2.01981			6
2025.12.24	01:00:32.216	2.01900	2.01980			6
2025.12.24	01:00:32.397	2.01893	2.01978			6
2025.12.24	01:00:36.830	2.01895	2.01980			6
2025.12.24	01:00:39.428		2.01979			4
2025.12.24	01:00:40.046	2.01897	2.01977			6
2025.12.24	01:00:41.830	2.01900	2.01976			6
2025.12.24	01:00:42.040	2.01904				2
2025.12.24	01:00:43.038	2.01900	2.01977			6
2025.12.24	01:00:43.834	2.01897				2
2025.12.24	01:00:44.469	2.01900				2
2025.12.24	01:00:46.270	2.01902	2.01980			6
2025.12.24	01:00:46.450	2.01905	2.01977			6
2025.12.24	01:00:47.060	2.01904				2
2025.12.24	01:00:47.662	2.01905	2.01975			6
2025.12.24	01:00:47.873	2.01928	2.01955			6
2025.12.24	01:00:48.054	2.01907	2.01975			6
2025.12.24	01:00:48.476	2.01905	2.01977			6
2025.12.24	01:00:53.488	2.01928	2.01955			6
2025.12.24	01:00:53.667	2.01905	2.01977			6
2025.12.24	01:00:53.878	2.01898	2.01986			6
2025.12.24	01:00:54.089		2.01989			4
2025.12.24	01:00:54.288	2.01909	2.01978			6
2025.12.24	01:00:54.468	2.01905	2.01977			6
2025.12.24	01:00:55.471	2.01909	2.01978			6
2025.12.24	01:00:55.898		2.01976			4
2025.12.24	01:00:56.288	2.01902				2
2025.12.24	01:00:59.891	2.01904	2.01974			6
2025.12.24	01:01:00.322	2.01904	2.01975			6
2025.12.24	01:01:00.503	2.01902	2.01981			6
2025.12.24	01:01:00.713		2.01976			4
2025.12.24	01:01:01.313	2.01904				2
2025.12.24	01:01:01.494	2.01905				2
2025.12.24	01:01:01.705		2.01978			4
2025.12.24	01:01:02.727		2.01981			4
2025.12.24	01:01:03.298		2.01983			4
2025.12.24	01:01:03.508		2.01984			4
2025.12.24	01:01:03.718	2.01910	2.01981			6
2025.12.24	01:01:03.898		2.01983			4
2025.12.24	01:01:04.109		2.01981			4
2025.12.24	01:01:07.108		2.01980			4
2025.12.24	01:01:09.739		2.01982			4
2025.12.24	01:01:10.938		2.01984			4
2025.12.24	01:01:11.149	2.01909	2.01981			6
2025.12.24	01:01:11.933		2.01979			4
2025.12.24	01:01:13.743	2.01910	2.01983			6
2025.12.24	01:01:13.953		2.01981			4
2025.12.24	01:01:15.157		2.01982			4
2025.12.24	01:01:16.553	2.01912				2
2025.12.24	01:01:16.945	2.01916	2.01980			6
2025.12.24	01:01:18.160	2.01935	2.01962			6
2025.12.24	01:01:18.580	2.01916	2.01980			6
2025.12.24	01:01:19.961		2.01982			4
2025.12.24	01:01:20.776		2.01984			4
2025.12.24	01:01:21.378		2.01982			4
2025.12.24	01:01:21.589		2.01980			4
2025.12.24	01:01:22.189	2.01933	2.01960			6
2025.12.24	01:01:23.775	2.01935	2.01962			6
2025.12.24	01:01:25.382	2.01933	2.01960			6
2025.12.24	01:01:29.012	2.01935	2.01962			6
2025.12.24	01:01:29.617	2.01938	2.01965			6
2025.12.24	01:01:30.005	2.01928	2.01955			6
2025.12.24	01:01:30.815	2.01933	2.01960			6
2025.12.24	01:01:30.996	2.01950	2.01977			6
2025.12.24	01:01:31.387	2.01942	2.01969			6
2025.12.24	01:01:32.200	2.01941	2.01968			6
2025.12.24	01:01:32.801	2.01951	2.01978			6
2025.12.24	01:01:40.826	2.01941	2.01968			6
2025.12.24	01:01:42.855	2.01953	2.01980			6
2025.12.24	01:01:43.036	2.01954	2.01981			6
2025.12.24	01:01:44.455	2.01956	2.01983			6
2025.12.24	01:01:44.634	2.01960	2.01987			6
2025.12.24	01:01:45.452	2.01959	2.01986			6
2025.12.24	01:01:45.665	2.01961	2.01988			6
2025.12.24	01:01:47.860	2.01951	2.01978			6
2025.12.24	01:01:48.275	2.01970	2.01997			6
2025.12.24	01:01:48.666	2.01972	2.01999			6
2025.12.24	01:01:49.850	2.01962	2.01989			6
2025.12.24	01:01:56.275	2.01955	2.01982			6
2025.12.24	01:02:01.109	2.01954	2.01981			6
2025.12.24	01:02:03.687	2.01951	2.01978			6
2025.12.24	01:02:04.316	2.01950	2.01977			6
2025.12.24	01:02:06.131	2.01957	2.01984			6
2025.12.24	01:02:07.927	2.01960	2.01987			6
2025.12.24	01:02:08.108	2.01957	2.01984			6
2025.12.24	01:02:08.316	2.01960	2.01987			6
2025.12.24	01:02:09.110	2.01957	2.01984			6
2025.12.24	01:02:10.118	2.01960	2.01987			6
2025.12.24	01:02:12.928	2.01963	2.01990			6
2025.12.24	01:02:15.747	2.01960	2.01987			6
2025.12.24	01:02:17.145	2.01963	2.01990			6
2025.12.24	01:02:21.374	2.01958	2.01985			6
2025.12.24	01:02:24.368	2.01962	2.01989			6
2025.12.24	01:02:27.176	2.01967	2.01994			6
2025.12.24	01:02:27.783	2.01971	2.01998			6
2025.12.24	01:02:31.412	2.01974	2.02001			6
2025.12.24	01:02:31.802	2.01968	2.01995			6
2025.12.24	01:02:31.983	2.01965	2.01992			6
2025.12.24	01:02:32.805	2.01961	2.01988			6
2025.12.24	01:02:34.418	2.01964	2.01991			6
2025.12.24	01:02:34.598	2.01968	2.01995			6
2025.12.24	01:02:35.416	2.01964	2.01991			6
2025.12.24	01:02:36.205	2.01965	2.01992			6
2025.12.24	01:02:40.809	2.01966	2.01993			6
2025.12.24	01:02:45.026	2.01961	2.01988			6
2025.12.24	01:02:48.231	2.01959	2.01986			6
2025.12.24	01:02:50.048	2.01962	2.01989			6
2025.12.24	01:02:54.676	2.01966	2.01993			6
2025.12.24	01:02:57.274	2.01963	2.01990			6
2025.12.24	01:03:01.265	2.01962	2.01989			6
2025.12.24	01:03:03.084	2.01961	2.01988			6
2025.12.24	01:03:03.295	2.01956	2.01983			6
2025.12.24	01:03:07.106	2.01954	2.01981			6
2025.12.24	01:03:08.935	2.01959	2.01986			6
2025.12.24	01:03:15.132	2.01963	2.01990			6
2025.12.24	01:03:15.314	2.01964	2.01991			6
2025.12.24	01:03:17.144	2.01963	2.01990			6
2025.12.24	01:03:17.323	2.01964	2.01991			6
2025.12.24	01:03:31.986	2.01966	2.01993			6
2025.12.24	01:03:34.415	2.01965	2.01992			6
2025.12.24	01:03:40.236	2.01963	2.01990			6
2025.12.24	01:03:40.418	2.01965	2.01992			6
2025.12.24	01:03:43.444	2.01968	2.01995			6
2025.12.24	01:03:46.037	2.01972	2.01999			6
2025.12.24	01:03:47.247	2.01970	2.01997			6
2025.12.24	01:03:47.456	2.01969	2.01996			6
2025.12.24	01:03:58.089	2.01970	2.01997			6
2025.12.24	01:04:02.094	2.01969	2.01996			6
2025.12.24	01:04:03.297	2.01965	2.01992			6
2025.12.24	01:04:05.317	2.01967	2.01994			6
2025.12.24	01:04:13.130	2.01968	2.01995			6
2025.12.24	01:04:15.160	2.01969	2.01996			6
2025.12.24	01:04:17.357	2.01973	2.02000			6
2025.12.24	01:04:41.229	2.01975	2.02002			6
2025.12.24	01:04:41.440	2.01971	2.01998			6
2025.12.24	01:04:44.834	2.01975	2.02002			6
2025.12.24	01:04:50.862	2.01971	2.01998			6
2025.12.24	01:04:52.068	2.01975	2.02002			6
2025.12.24	01:05:00.305	2.01978	2.02005			6
2025.12.24	01:05:10.515	2.01971	2.01998			6
2025.12.24	01:05:10.727	2.01989	2.02016			6
2025.12.24	01:05:10.937	2.01991	2.02018			6
2025.12.24	01:05:12.309	2.01993	2.02020			6
2025.12.24	01:05:15.515	2.01990	2.02017			6
2025.12.24	01:05:16.189	2.01988	2.02015			6
2025.12.24	01:05:20.331	2.01986	2.02013			6
2025.12.24	01:05:22.764	2.01990	2.02017			6
2025.12.24	01:05:23.163	2.01991	2.02018			6
2025.12.24	01:05:23.373	2.01990	2.02017			6
2025.12.24	01:05:24.346	2.01986	2.02013			6
2025.12.24	01:05:26.167	2.01988	2.02015			6
2025.12.24	01:05:34.596	2.01997	2.02024			6
2025.12.24	01:05:34.917	2.01998	2.02025			6
2025.12.24	01:05:36.200	2.01996	2.02023			6
2025.12.24	01:05:37.621	2.01999	2.02026			6
2025.12.24	01:05:38.000	2.01996	2.02023			6
2025.12.24	01:05:38.185	2.01990	2.02017			6
2025.12.24	01:05:39.052	2.01988	2.02015			6
2025.12.24	01:05:42.242	2.01984	2.02011			6
2025.12.24	01:05:42.524	2.01986	2.02013			6
2025.12.24	01:05:44.745	2.01984	2.02011			6
2025.12.24	01:05:44.836	2.01985	2.02012			6
2025.12.24	01:05:45.782	2.01986	2.02013			6
2025.12.24	01:05:46.435	2.01985	2.02012			6
2025.12.24	01:05:50.256	2.01986	2.02013			6
2025.12.24	01:06:00.484	2.01983	2.02010			6
2025.12.24	01:06:02.694	2.01979	2.02006			6
2025.12.24	01:06:02.876	2.01978	2.02005			6
2025.12.24	01:06:04.484	2.01979	2.02006			6
2025.12.24	01:06:05.015	2.01980	2.02007			6
2025.12.24	01:06:06.033	2.01978	2.02005			6
2025.12.24	01:06:22.570	2.01980	2.02007			6
2025.12.24	01:06:22.749	2.01978	2.02005			6
2025.12.24	01:06:23.528	2.01977	2.02004			6
2025.12.24	01:06:23.557	2.01978	2.02005			6
2025.12.24	01:06:23.768	2.01980	2.02007			6
2025.12.24	01:06:23.979	2.01984	2.02011			6
2025.12.24	01:06:24.307	2.01983	2.02010			6
2025.12.24	01:06:24.577	2.01978	2.02005			6
2025.12.24	01:06:24.935	2.01980	2.02007			6
2025.12.24	01:06:24.965	2.01979	2.02006			6
2025.12.24	01:06:25.557	2.01980	2.02007			6
2025.12.24	01:06:25.646	2.01976	2.02003			6
2025.12.24	01:06:36.810	2.01978	2.02005			6
2025.12.24	01:06:37.422	2.01974	2.02001			6
2025.12.24	01:06:37.602	2.01975	2.02002			6
2025.12.24	01:06:38.002	2.01976	2.02003			6
2025.12.24	01:06:39.057	2.01975	2.02002			6
2025.12.24	01:06:43.228	2.01973	2.02000			6
2025.12.24	01:06:52.255	2.01972	2.01999			6
2025.12.24	01:06:56.686	2.01970	2.01997			6
2025.12.24	01:06:57.326	2.01972	2.01999			6
2025.12.24	01:06:57.695	2.01967	2.01994			6
2025.12.24	01:06:57.729	2.01970	2.01997			6
2025.12.24	01:06:57.756	2.01969	2.01996			6
2025.12.24	01:06:57.848	2.01970	2.01997			6
2025.12.24	01:06:57.876	2.01963	2.01990			6
2025.12.24	01:06:58.057	2.01968	2.01995			6
2025.12.24	01:07:07.179	2.01967	2.01994			6
2025.12.24	01:07:09.518	2.01964	2.01991			6
2025.12.24	01:07:13.128	2.01963	2.01990			6
2025.12.24	01:07:13.931	2.01962	2.01989			6
2025.12.24	01:07:16.923	2.01964	2.01991			6
2025.12.24	01:07:21.138	2.01962	2.01989			6
2025.12.24	01:07:27.152	2.01960	2.01987			6
2025.12.24	01:07:34.392	2.01959	2.01986			6
2025.12.24	01:07:34.602	2.01957	2.01984			6
2025.12.24	01:07:35.388	2.01950	2.01977			6
2025.12.24	01:07:35.599	2.01952	2.01979			6
2025.12.24	01:07:36.017	2.01950	2.01977			6
2025.12.24	01:07:36.203	2.01952	2.01979			6
2025.12.24	01:07:38.989	2.01955	2.01982			6
2025.12.24	01:07:40.653	2.01956	2.01983			6
2025.12.24	01:07:41.655	2.01955	2.01982			6
2025.12.24	01:07:44.412	2.01952	2.01979			6
2025.12.24	01:07:44.616	2.01946	2.01973			6
2025.12.24	01:07:44.839	2.01944	2.01971			6
2025.12.24	01:07:45.019	2.01945	2.01972			6
2025.12.24	01:07:45.050	2.01940	2.01967			6
2025.12.24	01:07:45.229	2.01942	2.01969			6
2025.12.24	01:07:45.434	2.01941	2.01968			6
2025.12.24	01:07:45.995	2.01940	2.01967			6
2025.12.24	01:07:47.963	2.01941	2.01968			6
2025.12.24	01:07:48.052	2.01940	2.01967			6
2025.12.24	01:07:50.428	2.01941	2.01968			6
2025.12.24	01:07:57.075	2.01943	2.01970			6
2025.12.24	01:07:57.284	2.01941	2.01968			6
2025.12.24	01:07:57.464	2.01944	2.01971			6
2025.12.24	01:08:00.272	2.01945	2.01972			6
2025.12.24	01:08:05.321	2.01938	2.01965			6
2025.12.24	01:08:05.413	2.01935	2.01962			6
2025.12.24	01:08:05.502	2.01921	2.01948			6
2025.12.24	01:08:05.716	2.01918	2.01945			6
2025.12.24	01:08:06.086	2.01916	2.01943			6
2025.12.24	01:08:06.241	2.01917	2.01944			6
2025.12.24	01:08:08.922	2.01920	2.01947			6
2025.12.24	01:08:09.125	2.01919	2.01946			6
2025.12.24	01:08:11.071	2.01924	2.01951			6
2025.12.24	01:08:11.131	2.01926	2.01953			6
2025.12.24	01:08:11.160	2.01929	2.01956			6
2025.12.24	01:08:11.312	2.01933	2.01960			6
2025.12.24	01:08:12.110	2.01932	2.01959			6
2025.12.24	01:08:14.322	2.01928	2.01955			6
2025.12.24	01:08:14.381	2.01926	2.01953			6
2025.12.24	01:08:14.531	2.01928	2.01955			6
2025.12.24	01:08:15.131	2.01927	2.01954			6
2025.12.24	01:08:15.158	2.01928	2.01955			6
2025.12.24	01:08:15.188	2.01927	2.01954			6
2025.12.24	01:08:15.317	2.01928	2.01955			6
2025.12.24	01:08:15.407	2.01927	2.01954			6
2025.12.24	01:08:16.727	2.01925	2.01952			6
2025.12.24	01:08:17.154	2.01926	2.01953			6
2025.12.24	01:08:18.734	2.01929	2.01956			6
2025.12.24	01:08:18.794	2.01935	2.01962			6
2025.12.24	01:08:18.855	2.01936	2.01963			6
2025.12.24	01:08:18.945	2.01934	2.01961			6
2025.12.24	01:08:19.357	2.01933	2.01960			6
2025.12.24	01:08:19.864	2.01934	2.01961			6
2025.12.24	01:08:19.954	2.01936	2.01963			6
2025.12.24	01:08:22.159	2.01933	2.01960			6
2025.12.24	01:08:23.368	2.01935	2.01962			6
2025.12.24	01:08:23.759	2.01936	2.01963			6
2025.12.24	01:08:23.969	2.01929	2.01956			6
2025.12.24	01:08:24.059	2.01930	2.01957			6
2025.12.24	01:08:24.682	2.01931	2.01958			6
2025.12.24	01:08:24.772	2.01936	2.01963			6
2025.12.24	01:08:28.800	2.01938	2.01965			6
2025.12.24	01:08:29.694	2.01936	2.01963			6
2025.12.24	01:08:29.784	2.01935	2.01962			6
2025.12.24	01:08:29.843	2.01932	2.01959			6
2025.12.24	01:08:31.203	2.01930	2.01957			6
2025.12.24	01:08:32.838	2.01931	2.01958			6
2025.12.24	01:08:33.289	2.01932	2.01959			6
2025.12.24	01:08:34.123	2.01931	2.01958			6
2025.12.24	01:08:34.214	2.01929	2.01956			6
2025.12.24	01:08:35.034	2.01930	2.01957			6
2025.12.24	01:08:35.916	2.01929	2.01956			6
2025.12.24	01:08:43.627	2.01933	2.01960			6
2025.12.24	01:08:46.625	2.01944	2.01971			6
2025.12.24	01:08:46.865	2.01946	2.01973			6
2025.12.24	01:08:47.127	2.01947	2.01974			6
2025.12.24	01:08:49.064	2.01948	2.01975			6
2025.12.24	01:08:50.661	2.01945	2.01972			6
2025.12.24	01:08:50.691	2.01943	2.01970			6
2025.12.24	01:08:51.305	2.01941	2.01968			6
2025.12.24	01:08:51.480	2.01943	2.01970			6
2025.12.24	01:08:51.601	2.01941	2.01968			6
2025.12.24	01:08:51.660	2.01940	2.01967			6
2025.12.24	01:08:52.691	2.01942	2.01969			6
2025.12.24	01:08:53.840	2.01943	2.01970			6
2025.12.24	01:08:53.931	2.01942	2.01969			6
2025.12.24	01:08:54.837	2.01944	2.01971			6
2025.12.24	01:08:55.587	2.01942	2.01969			6
2025.12.24	01:09:00.493	2.01946	2.01973			6
2025.12.24	01:09:00.703	2.01941	2.01968			6
2025.12.24	01:09:01.615	2.01942	2.01969			6
2025.12.24	01:09:04.490	2.01943	2.01970			6
2025.12.24	01:09:15.136	2.01945	2.01972			6
2025.12.24	01:09:15.166	2.01943	2.01970			6
2025.12.24	01:09:15.320	2.01941	2.01968			6
2025.12.24	01:09:15.999	2.01943	2.01970			6
2025.12.24	01:09:17.131	2.01945	2.01972			6
2025.12.24	01:09:17.251	2.01943	2.01970			6
2025.12.24	01:09:26.260	2.01945	2.01972			6
2025.12.24	01:09:28.219	2.01943	2.01970			6
2025.12.24	01:09:28.686	2.01941	2.01968			6
2025.12.24	01:09:28.791	2.01940	2.01967			6
2025.12.24	01:09:37.117	2.01942	2.01969			6
2025.12.24	01:09:37.206	2.01949	2.01976			6
2025.12.24	01:09:37.417	2.01950	2.01977			6
2025.12.24	01:09:37.946	2.01952	2.01979			6
2025.12.24	01:09:38.007	2.01954	2.01981			6
2025.12.24	01:09:39.559	2.01956	2.01983			6
2025.12.24	01:09:39.648	2.01966	2.01993			6
2025.12.24	01:09:39.828	2.01968	2.01995			6
2025.12.24	01:09:40.014	2.01966	2.01993			6
2025.12.24	01:09:40.749	2.01963	2.01990			6
2025.12.24	01:09:40.837	2.01959	2.01986			6
2025.12.24	01:09:41.237	2.01957	2.01984			6
2025.12.24	01:09:42.320	2.01955	2.01982			6
2025.12.24	01:09:42.351	2.01952	2.01979			6
2025.12.24	01:09:42.441	2.01949	2.01976			6
2025.12.24	01:09:42.471	2.01944	2.01971			6
2025.12.24	01:09:42.635	2.01942	2.01969			6
2025.12.24	01:09:43.643	2.01940	2.01967			6
2025.12.24	01:09:45.837	2.01938	2.01965			6
2025.12.24	01:09:48.331	2.01940	2.01967			6
2025.12.24	01:09:54.582	2.01937	2.01964			6
2025.12.24	01:09:54.673	2.01939	2.01966			6
2025.12.24	01:09:55.622	2.01941	2.01968			6
2025.12.24	01:09:56.866	2.01943	2.01970			6
2025.12.24	01:09:57.019	2.01939	2.01966			6
2025.12.24	01:09:57.079	2.01940	2.01967			6
2025.12.24	01:09:57.139	2.01941	2.01968			6
2025.12.24	01:09:57.243	2.01940	2.01967			6
2025.12.24	01:09:57.273	2.01938	2.01965			6
2025.12.24	01:09:58.384	2.01940	2.01967			6
2025.12.24	01:09:58.945	2.01941	2.01968			6
2025.12.24	01:09:59.186	2.01940	2.01967			6
2025.12.24	01:09:59.277	2.01941	2.01968			6
2025.12.24	01:09:59.495	2.01943	2.01970			6
2025.12.24	01:09:59.680	2.01945	2.01972			6
2025.12.24	01:10:00.611	2.01943	2.01970			6
2025.12.24	01:10:00.701	2.01942	2.01969			6
2025.12.24	01:10:01.297	2.01939	2.01966			6
2025.12.24	01:10:02.924	2.01943	2.01970			6
2025.12.24	01:10:02.954	2.01944	2.01971			6
2025.12.24	01:10:03.044	2.01943	2.01970			6
2025.12.24	01:10:03.447	2.01944	2.01971			6
2025.12.24	01:10:03.905	2.01943	2.01970			6
2025.12.24	01:10:04.316	2.01941	2.01968			6
2025.12.24	01:10:05.648	2.01943	2.01970			6
2025.12.24	01:10:05.710	2.01944	2.01971			6
2025.12.24	01:10:06.530	2.01943	2.01970			6
2025.12.24	01:10:06.916	2.01944	2.01971			6
2025.12.24	01:10:08.116	2.01946	2.01973			6
2025.12.24	01:10:09.670	2.01947	2.01974			6
2025.12.24	01:10:10.872	2.01946	2.01973			6
2025.12.24	01:10:12.347	2.01947	2.01974			6
2025.12.24	01:10:12.889	2.01946	2.01973			6
2025.12.24	01:10:13.188	2.01947	2.01974			6
2025.12.24	01:10:15.184	2.01945	2.01972			6
2025.12.24	01:10:15.485	2.01946	2.01973			6
2025.12.24	01:10:18.805	2.01948	2.01975			6
2025.12.24	01:10:19.466	2.01946	2.01973			6
2025.12.24	01:10:20.939	2.01949	2.01976			6
2025.12.24	01:10:25.395	2.01947	2.01974			6
2025.12.24	01:10:25.454	2.01946	2.01973			6
2025.12.24	01:10:25.604	2.01948	2.01975			6
2025.12.24	01:10:30.401	2.01947	2.01974			6
2025.12.24	01:10:32.816	2.01948	2.01975			6
2025.12.24	01:10:33.027	2.01942	2.01969			6
2025.12.24	01:10:33.416	2.01944	2.01971			6
2025.12.24	01:10:34.198	2.01940	2.01967			6
2025.12.24	01:10:34.611	2.01942	2.01969			6
2025.12.24	01:10:36.656	2.01940	2.01967			6
2025.12.24	01:10:36.805	2.01941	2.01968			6
2025.12.24	01:10:39.248	2.01939	2.01966			6
2025.12.24	01:10:40.650	2.01942	2.01969			6
2025.12.24	01:10:41.655	2.01945	2.01972			6
2025.12.24	01:10:41.836	2.01942	2.01969			6
2025.12.24	01:10:42.046	2.01944	2.01971			6
2025.12.24	01:10:43.444	2.01947	2.01974			6
2025.12.24	01:10:44.448	2.01945	2.01972			6
2025.12.24	01:10:46.039	2.01942	2.01969			6
2025.12.24	01:10:47.264	2.01945	2.01972			6
2025.12.24	01:10:47.648	2.01944	2.01971			6
2025.12.24	01:10:47.680	2.01942	2.01969			6
2025.12.24	01:10:47.860	2.01943	2.01970			6
2025.12.24	01:10:50.743	2.01944	2.01971			6
2025.12.24	01:10:51.946	2.01941	2.01968			6
2025.12.24	01:10:52.066	2.01939	2.01966			6
2025.12.24	01:10:52.277	2.01940	2.01967			6
2025.12.24	01:10:52.607	2.01942	2.01969			6
2025.12.24	01:10:53.025	2.01940	2.01967			6
2025.12.24	01:10:55.012	2.01942	2.01969			6
2025.12.24	01:10:55.283	2.01940	2.01967			6
2025.12.24	01:10:55.381	2.01942	2.01969			6
2025.12.24	01:10:55.845	2.01941	2.01968			6
2025.12.24	01:10:55.877	2.01940	2.01967			6
2025.12.24	01:10:55.964	2.01938	2.01965			6
2025.12.24	01:10:56.086	2.01933	2.01960			6
2025.12.24	01:10:58.907	2.01930	2.01957			6
2025.12.24	01:11:00.080	2.01930				2
2025.12.24	01:11:00.291	2.01933	2.01960			6
2025.12.24	01:11:00.501	2.01937	2.01964			6
2025.12.24	01:11:01.101	2.01936	2.01963			6
2025.12.24	01:11:02.238	2.01935	2.01962			6
2025.12.24	01:11:02.298	2.01934	2.01961			6
2025.12.24	01:11:02.779	2.01935	2.01962			6
2025.12.24	01:11:02.931	2.01936	2.01963			6
2025.12.24	01:11:05.312	2.01933	2.01960			6
2025.12.24	01:11:06.541	2.01936	2.01963			6
2025.12.24	01:11:06.933	2.01933	2.01960			6
2025.12.24	01:11:07.108	2.01935	2.01962			6
2025.12.24	01:11:11.748	2.01933	2.01960			6
2025.12.24	01:11:12.748	2.01935	2.01962			6
2025.12.24	01:11:13.558	2.01933	2.01960			6
2025.12.24	01:11:14.338	2.01936	2.01963			6
2025.12.24	01:11:15.764	2.01940	2.01967			6
2025.12.24	01:11:16.361	2.01942	2.01969			6
2025.12.24	01:11:19.123	2.01941	2.01968			6
2025.12.24	01:11:19.183	2.01937	2.01964			6
2025.12.24	01:11:19.363	2.01934	2.01961			6
2025.12.24	01:11:19.758	2.01933	2.01960			6
2025.12.24	01:11:21.512	2.01934	2.01961			6
2025.12.24	01:11:22.390	2.01935	2.01962			6
2025.12.24	01:11:24.679	2.01934	2.01961			6
2025.12.24	01:11:24.739	2.01932	2.01959			6
2025.12.24	01:11:24.800	2.01930	2.01957			6
2025.12.24	01:11:25.007	2.01929	2.01956			6
2025.12.24	01:11:25.188	2.01930	2.01957			6
2025.12.24	01:11:25.308	2.01928	2.01955			6
2025.12.24	01:11:26.207	2.01929	2.01956			6
2025.12.24	01:11:28.401	2.01931	2.01958			6
2025.12.24	01:11:28.432	2.01933	2.01960			6
2025.12.24	01:11:30.957	2.01928	2.01955			6
2025.12.24	01:11:31.017	2.01924	2.01951			6
2025.12.24	01:11:31.169	2.01922	2.01949			6
2025.12.24	01:11:31.199	2.01918	2.01945			6
2025.12.24	01:11:32.227	2.01916	2.01943			6
2025.12.24	01:11:32.408	2.01920	2.01947			6
2025.12.24	01:11:32.613	2.01924	2.01951			6
2025.12.24	01:11:34.630	2.01922	2.01949			6
2025.12.24	01:11:37.841	2.01921	2.01948			6
2025.12.24	01:11:39.156	2.01922	2.01949			6
2025.12.24	01:11:40.044	2.01921	2.01948			6
2025.12.24	01:11:40.644	2.01922	2.01949			6
2025.12.24	01:11:40.856	2.01920	2.01947			6
2025.12.24	01:11:41.730	2.01918	2.01945			6
2025.12.24	01:11:42.242	2.01916	2.01943			6
2025.12.24	01:11:42.454	2.01915	2.01942			6
2025.12.24	01:11:42.725	2.01913	2.01940			6
2025.12.24	01:11:43.662	2.01908	2.01935			6
2025.12.24	01:11:44.122	2.01907	2.01934			6
2025.12.24	01:11:44.682	2.01906	2.01933			6
2025.12.24	01:11:47.048	2.01907	2.01934			6
2025.12.24	01:11:47.847	2.01906	2.01933			6
2025.12.24	01:11:51.087	2.01908	2.01935			6
2025.12.24	01:11:52.258	2.01906	2.01933			6
2025.12.24	01:11:52.483	2.01908	2.01935			6
2025.12.24	01:11:53.065	2.01904	2.01931			6
2025.12.24	01:12:00.326	2.01906	2.01933			6
2025.12.24	01:12:03.117	2.01904	2.01931			6
2025.12.24	01:12:03.929	2.01909	2.01936			6
2025.12.24	01:12:06.731	2.01908	2.01935			6
2025.12.24	01:12:08.131	2.01909	2.01936			6
2025.12.24	01:12:09.131	2.01910	2.01937			6
2025.12.24	01:12:11.143	2.01909	2.01936			6
2025.12.24	01:12:11.565	2.01908	2.01935			6
2025.12.24	01:12:12.744	2.01909	2.01936			6
2025.12.24	01:12:12.939	2.01908	2.01935			6
2025.12.24	01:12:13.570	2.01909	2.01936			6
2025.12.24	01:12:14.020	2.01910	2.01937			6
2025.12.24	01:12:14.139	2.01908	2.01935			6
2025.12.24	01:12:15.161	2.01906	2.01933			6
2025.12.24	01:12:15.372	2.01904	2.01931			6
2025.12.24	01:12:15.553	2.01909	2.01936			6
2025.12.24	01:12:15.762	2.01920	2.01947			6
2025.12.24	01:12:15.944	2.01918	2.01945			6
2025.12.24	01:12:18.151	2.01920	2.01947			6
2025.12.24	01:12:18.911	2.01919	2.01946			6
2025.12.24	01:12:19.673	2.01920	2.01947			6
2025.12.24	01:12:20.193	2.01919	2.01946			6
2025.12.24	01:12:20.553	2.01920	2.01947			6
2025.12.24	01:12:25.595	2.01917	2.01944			6
2025.12.24	01:12:26.810	2.01920	2.01947			6
2025.12.24	01:12:27.333	2.01921	2.01948			6
2025.12.24	01:12:28.017	2.01919	2.01946			6
2025.12.24	01:12:31.746	2.01918	2.01945			6
2025.12.24	01:12:31.987	2.01919	2.01946			6
2025.12.24	01:12:32.428	2.01918	2.01945			6
2025.12.24	01:12:33.030	2.01919	2.01946			6
2025.12.24	01:12:33.059	2.01920	2.01947			6
2025.12.24	01:12:36.819	2.01917	2.01944			6
2025.12.24	01:12:37.029	2.01920	2.01947			6
2025.12.24	01:12:37.265	2.01921	2.01948			6
2025.12.24	01:12:38.106	2.01920	2.01947			6
2025.12.24	01:12:38.226	2.01904	2.01931			6
2025.12.24	01:12:38.423	2.01902	2.01929			6
2025.12.24	01:12:39.232	2.01900	2.01927			6
2025.12.24	01:12:40.155	2.01903	2.01930			6
2025.12.24	01:12:40.184	2.01907	2.01934			6
2025.12.24	01:12:40.247	2.01917	2.01944			6
2025.12.24	01:12:40.456	2.01914	2.01941			6
2025.12.24	01:12:40.845	2.01918	2.01945			6
2025.12.24	01:12:42.451	2.01917	2.01944			6
2025.12.24	01:12:44.040	2.01919	2.01946			6
2025.12.24	01:12:44.641	2.01917	2.01944			6
2025.12.24	01:12:45.247	2.01915	2.01942			6
2025.12.24	01:12:46.209	2.01914	2.01941			6
2025.12.24	01:12:46.419	2.01915	2.01942			6
2025.12.24	01:12:46.539	2.01914	2.01941			6
2025.12.24	01:12:47.031	2.01915	2.01942			6
2025.12.24	01:12:47.569	2.01914	2.01941			6
2025.12.24	01:12:51.092	2.01913	2.01940			6
2025.12.24	01:12:51.393	2.01914	2.01941			6
2025.12.24	01:12:53.661	2.01917	2.01944			6
2025.12.24	01:13:00.320	2.01914	2.01941			6
2025.12.24	01:13:00.492	2.01913	2.01940			6
2025.12.24	01:13:01.691	2.01914	2.01941			6
2025.12.24	01:13:02.114	2.01904	2.01931			6
2025.12.24	01:13:02.354	2.01903	2.01930			6
2025.12.24	01:13:02.536	2.01909	2.01936			6
2025.12.24	01:13:02.717	2.01921	2.01948			6
2025.12.24	01:13:02.746	2.01923	2.01950			6
2025.12.24	01:13:02.892	2.01925	2.01952			6
2025.12.24	01:13:03.716	2.01926	2.01953			6
2025.12.24	01:13:04.336	2.01925	2.01952			6
2025.12.24	01:13:05.117	2.01924	2.01951			6
2025.12.24	01:13:09.133	2.01926	2.01953			6
2025.12.24	01:13:09.531	2.01924	2.01951			6
2025.12.24	01:13:09.643	2.01926	2.01953			6
2025.12.24	01:13:12.381	2.01924	2.01951			6
2025.12.24	01:13:15.966	2.01925	2.01952			6
2025.12.24	01:13:20.178	2.01926	2.01953			6
2025.12.24	01:13:30.204	2.01927	2.01954			6
2025.12.24	01:13:32.416	2.01923	2.01950			6
2025.12.24	01:13:32.754	2.01922	2.01949			6
2025.12.24	01:13:40.210	2.01920	2.01947			6
2025.12.24	01:14:03.108	2.01918	2.01945			6
2025.12.24	01:14:07.476	2.01919	2.01946			6
2025.12.24	01:14:12.010	2.01918	2.01945			6
2025.12.24	01:14:21.357	2.01922	2.01949			6
2025.12.24	01:14:31.408	2.01918	2.01945			6
2025.12.24	01:14:34.786	2.01917	2.01944			6
2025.12.24	01:14:38.212	2.01915	2.01942			6
2025.12.24	01:14:43.848	2.01920	2.01947			6
2025.12.24	01:14:47.669	2.01918	2.01945			6
2025.12.24	01:14:56.893	2.01917	2.01944			6
2025.12.24	01:14:56.952	2.01918	2.01945			6
2025.12.24	01:14:57.078	2.01931	2.01958			6
2025.12.24	01:14:58.104	2.01934	2.01961			6
2025.12.24	01:14:59.444	2.01933	2.01960			6
2025.12.24	01:14:59.504	2.01929	2.01956			6
2025.12.24	01:15:00.106	2.01927	2.01954			6
2025.12.24	01:15:00.287	2.01931	2.01958			6
2025.12.24	01:15:00.497	2.01929	2.01956			6
2025.12.24	01:15:01.911	2.01927	2.01954			6
2025.12.24	01:15:02.122	2.01926	2.01953			6
2025.12.24	01:15:02.217	2.01925	2.01952			6
2025.12.24	01:15:05.933	2.01927	2.01954			6
2025.12.24	01:15:06.739	2.01925	2.01952			6
2025.12.24	01:15:13.338	2.01927	2.01954			6
2025.12.24	01:15:14.539	2.01929	2.01956			6
2025.12.24	01:15:14.719	2.01927	2.01954			6
2025.12.24	01:15:15.146	2.01930	2.01957			6
