<DATE>	<TIME>	<BID>	<ASK>	<LAST>	<VOLUME>	<FLAGS>
2025.11.27	00:00:01.767	2.03449	2.03553			6
2025.11.27	00:00:06.188		2.03559			4
2025.11.27	00:00:31.333	2.03361	2.03527			6
2025.11.27	00:00:31.491	2.03367				2
2025.11.27	00:00:33.490		2.03525			4
2025.11.27	00:00:45.085	2.03361				2
2025.11.27	00:00:46.738		2.03517			4
2025.11.27	00:00:46.767	2.03335				2
2025.11.27	00:01:01.169	2.03335	2.03524			6
2025.11.27	00:01:12.598	2.03257	2.03451			6
2025.11.27	00:01:12.800	2.03261	2.03461			6
2025.11.27	00:01:13.598	2.03264	2.03464			6
2025.11.27	00:01:14.629	2.03266	2.03466			6
2025.11.27	00:01:32.675	2.03265	2.03465			6
2025.11.27	00:01:41.369	2.03284				2
2025.11.27	00:01:48.019	2.03265				2
2025.11.27	00:02:02.909	2.03283				2
2025.11.27	00:02:02.968	2.03288	2.03488			6
2025.11.27	00:03:01.153	2.03289	2.03489			6
2025.11.27	00:03:12.968	2.03288	2.03488			6
2025.11.27	00:04:01.154	2.03285	2.03485			6
2025.11.27	00:04:07.580	2.03242	2.03412			6
2025.11.27	00:04:08.315	2.03267				2
2025.11.27	00:05:00.338	2.03285	2.03485			6
2025.11.27	00:05:00.551	2.03302	2.03502			6
2025.11.27	00:05:00.946	2.03305	2.03505			6
2025.11.27	00:05:03.345	2.03308	2.03508			6
2025.11.27	00:05:04.360	2.03305	2.03505			6
2025.11.27	00:05:04.763	2.03302	2.03502			6
2025.11.27	00:05:08.346	2.03301	2.03501			6
2025.11.27	00:05:08.768	2.03297	2.03497			6
2025.11.27	00:05:11.972	2.03298	2.03498			6
2025.11.27	00:05:12.956	2.03299	2.03499			6
2025.11.27	00:05:18.983	2.03301	2.03501			6
2025.11.27	00:05:21.013	2.03300	2.03500			6
2025.11.27	00:05:24.619	2.03302	2.03502			6
2025.11.27	00:05:26.412	2.03304	2.03504			6
2025.11.27	00:05:28.619	2.03300	2.03500			6
2025.11.27	00:05:29.648	2.03299	2.03499			6
2025.11.27	00:05:32.857	2.03300	2.03500			6
2025.11.27	00:05:33.853	2.03299	2.03499			6
2025.11.27	00:05:34.844	2.03300	2.03500			6
2025.11.27	00:05:38.666	2.03303	2.03503			6
2025.11.27	00:05:38.859	2.03301	2.03501			6
2025.11.27	00:05:40.259	2.03303	2.03503			6
2025.11.27	00:05:43.688	2.03301	2.03501			6
2025.11.27	00:06:00.119	2.03302	2.03502			6
2025.11.27	00:06:00.730	2.03301	2.03501			6
2025.11.27	00:06:02.530	2.03302	2.03502			6
2025.11.27	00:06:09.571	2.03301	2.03501			6
2025.11.27	00:06:11.573	2.03304	2.03504			6
2025.11.27	00:06:23.013	2.03303	2.03503			6
2025.11.27	00:06:33.870	2.03300	2.03500			6
2025.11.27	00:06:40.873	2.03299	2.03499			6
2025.11.27	00:06:51.504	2.03297	2.03497			6
2025.11.27	00:06:55.134	2.03302	2.03502			6
2025.11.27	00:07:00.342	2.03297	2.03497			6
2025.11.27	00:07:00.553	2.03292	2.03492			6
2025.11.27	00:07:00.737	2.03295	2.03495			6
2025.11.27	00:07:01.740	2.03296	2.03496			6
2025.11.27	00:07:02.359	2.03293	2.03493			6
2025.11.27	00:07:04.535	2.03296	2.03496			6
2025.11.27	00:07:06.767	2.03294	2.03494			6
2025.11.27	00:07:06.956	2.03295	2.03495			6
2025.11.27	00:07:09.379	2.03296	2.03496			6
2025.11.27	00:07:10.790	2.03294	2.03494			6
2025.11.27	00:07:11.583	2.03295	2.03495			6
2025.11.27	00:07:11.981	2.03296	2.03496			6
2025.11.27	00:07:15.793	2.03295	2.03495			6
2025.11.27	00:07:16.995	2.03297	2.03497			6
2025.11.27	00:07:21.013	2.03296	2.03496			6
2025.11.27	00:07:22.429	2.03298	2.03498			6
2025.11.27	00:07:25.435	2.03296	2.03496			6
2025.11.27	00:07:25.799	2.03297	2.03497			6
2025.11.27	00:07:28.241	2.03298	2.03498			6
2025.11.27	00:07:28.838	2.03296	2.03496			6
2025.11.27	00:07:31.224	2.03298	2.03498			6
2025.11.27	00:07:34.236	2.03296	2.03496			6
2025.11.27	00:07:34.858	2.03305	2.03505			6
2025.11.27	00:07:39.259	2.03290	2.03490			6
2025.11.27	00:07:40.242	2.03305	2.03505			6
2025.11.27	00:07:40.435	2.03291	2.03491			6
2025.11.27	00:07:41.659	2.03305	2.03505			6
2025.11.27	00:07:43.667	2.03291	2.03491			6
2025.11.27	00:07:44.052	2.03305	2.03505			6
2025.11.27	00:07:44.274	2.03291	2.03491			6
2025.11.27	00:07:45.075	2.03305	2.03505			6
2025.11.27	00:07:47.868	2.03291	2.03491			6
2025.11.27	00:07:48.467	2.03305	2.03505			6
2025.11.27	00:07:51.489	2.03291	2.03491			6
2025.11.27	00:07:52.084	2.03305	2.03505			6
2025.11.27	00:07:53.491	2.03304	2.03504			6
2025.11.27	00:07:53.888	2.03305	2.03505			6
2025.11.27	00:07:55.490	2.03291	2.03491			6
2025.11.27	00:07:56.304	2.03305	2.03505			6
2025.11.27	00:07:56.691	2.03304	2.03504			6
2025.11.27	00:07:56.900	2.03305	2.03505			6
2025.11.27	00:07:59.119	2.03290	2.03490			6
2025.11.27	00:07:59.899	2.03291	2.03491			6
2025.11.27	00:08:00.319	2.03305	2.03505			6
2025.11.27	00:08:00.707	2.03304	2.03504			6
2025.11.27	00:08:01.108	2.03305	2.03505			6
2025.11.27	00:08:02.722	2.03304	2.03504			6
2025.11.27	00:08:02.912	2.03290	2.03490			6
2025.11.27	00:08:03.326	2.03304	2.03504			6
2025.11.27	00:08:03.922	2.03305	2.03505			6
2025.11.27	00:08:05.122	2.03304	2.03504			6
2025.11.27	00:08:05.714	2.03305	2.03505			6
2025.11.27	00:08:06.718	2.03304	2.03504			6
2025.11.27	00:08:06.927	2.03290	2.03490			6
2025.11.27	00:08:07.137	2.03305	2.03505			6
2025.11.27	00:08:09.342	2.03304	2.03504			6
2025.11.27	00:08:09.930	2.03305	2.03505			6
2025.11.27	00:08:10.734	2.03291	2.03491			6
2025.11.27	00:08:11.133	2.03290	2.03490			6
2025.11.27	00:08:11.741	2.03305	2.03505			6
2025.11.27	00:08:12.137	2.03306	2.03506			6
2025.11.27	00:08:13.347	2.03304	2.03504			6
2025.11.27	00:08:13.749	2.03306	2.03506			6
2025.11.27	00:08:14.553	2.03292	2.03492			6
2025.11.27	00:08:14.948	2.03306	2.03506			6
2025.11.27	00:08:15.945	2.03304	2.03504			6
2025.11.27	00:08:17.368	2.03305	2.03505			6
2025.11.27	00:08:17.568	2.03304	2.03504			6
2025.11.27	00:08:18.778	2.03291	2.03491			6
2025.11.27	00:08:19.367	2.03290	2.03490			6
2025.11.27	00:08:19.765	2.03304	2.03504			6
2025.11.27	00:08:19.985	2.03290	2.03490			6
2025.11.27	00:08:20.767	2.03304	2.03504			6
2025.11.27	00:08:23.376	2.03290	2.03490			6
2025.11.27	00:08:23.773	2.03288	2.03488			6
2025.11.27	00:08:24.198	2.03290	2.03490			6
2025.11.27	00:08:24.799	2.03304	2.03504			6
2025.11.27	00:08:26.614	2.03303	2.03503			6
2025.11.27	00:08:26.997	2.03289	2.03489			6
2025.11.27	00:08:27.186	2.03290	2.03490			6
2025.11.27	00:08:27.591	2.03291	2.03491			6
2025.11.27	00:08:27.815	2.03305	2.03505			6
2025.11.27	00:08:28.583	2.03302	2.03502			6
2025.11.27	00:08:28.781	2.03305	2.03505			6
2025.11.27	00:08:31.007	2.03303	2.03503			6
2025.11.27	00:08:31.401	2.03305	2.03505			6
2025.11.27	00:08:32.811	2.03303	2.03503			6
2025.11.27	00:08:33.216	2.03305	2.03505			6
2025.11.27	00:08:33.397	2.03306	2.03506			6
2025.11.27	00:08:35.407	2.03311	2.03511			6
2025.11.27	00:08:36.205	2.03310	2.03510			6
2025.11.27	00:08:36.429	2.03309	2.03509			6
2025.11.27	00:08:39.607	2.03308	2.03508			6
2025.11.27	00:08:41.201	2.03306	2.03506			6
2025.11.27	00:08:53.251	2.03303	2.03503			6
2025.11.27	00:08:56.059	2.03302	2.03502			6
2025.11.27	00:09:10.135	2.03303	2.03503			6
2025.11.27	00:09:13.730	2.03307	2.03507			6
2025.11.27	00:09:19.938	2.03305	2.03505			6
2025.11.27	00:09:27.375	2.03282	2.03482			6
2025.11.27	00:09:27.796	2.03300	2.03500			6
2025.11.27	00:09:27.983	2.03283	2.03483			6
2025.11.27	00:09:29.206	2.03287	2.03487			6
2025.11.27	00:09:29.393	2.03301	2.03501			6
2025.11.27	00:09:31.004	2.03305	2.03505			6
2025.11.27	00:09:31.206	2.03303	2.03503			6
2025.11.27	00:09:31.791	2.03288	2.03488			6
2025.11.27	00:09:32.005	2.03284	2.03484			6
2025.11.27	00:09:32.207	2.03288	2.03488			6
2025.11.27	00:09:32.413	2.03304	2.03504			6
2025.11.27	00:09:33.012	2.03301	2.03501			6
2025.11.27	00:09:33.387	2.03300	2.03500			6
2025.11.27	00:09:33.814	2.03301	2.03501			6
2025.11.27	00:09:34.016	2.03304	2.03504			6
2025.11.27	00:09:34.214	2.03301	2.03501			6
2025.11.27	00:09:35.215	2.03304	2.03504			6
2025.11.27	00:09:35.609	2.03301	2.03501			6
2025.11.27	00:09:36.030	2.03285	2.03485			6
2025.11.27	00:09:36.607	2.03305	2.03505			6
2025.11.27	00:09:37.010	2.03301	2.03501			6
2025.11.27	00:09:39.821	2.03286	2.03486			6
2025.11.27	00:09:40.216	2.03304	2.03504			6
2025.11.27	00:09:41.444	2.03302	2.03502			6
2025.11.27	00:09:42.047	2.03304	2.03504			6
2025.11.27	00:09:42.830	2.03302	2.03502			6
2025.11.27	00:09:43.636	2.03289	2.03489			6
2025.11.27	00:09:43.837	2.03305	2.03505			6
2025.11.27	00:09:44.243	2.03302	2.03502			6
2025.11.27	00:09:45.057	2.03305	2.03505			6
2025.11.27	00:09:45.238	2.03303	2.03503			6
2025.11.27	00:09:45.430	2.03300	2.03500			6
2025.11.27	00:09:46.236	2.03303	2.03503			6
2025.11.27	00:09:47.031	2.03300	2.03500			6
2025.11.27	00:09:47.838	2.03289	2.03489			6
2025.11.27	00:09:48.051	2.03303	2.03503			6
2025.11.27	00:09:48.459	2.03300	2.03500			6
2025.11.27	00:09:49.270	2.03303	2.03503			6
2025.11.27	00:09:49.659	2.03300	2.03500			6
2025.11.27	00:09:51.043	2.03303	2.03503			6
2025.11.27	00:09:51.256	2.03286	2.03486			6
2025.11.27	00:09:51.647	2.03300	2.03500			6
2025.11.27	00:09:52.257	2.03303	2.03503			6
2025.11.27	00:09:53.053	2.03300	2.03500			6
2025.11.27	00:09:53.457	2.03303	2.03503			6
2025.11.27	00:09:53.881	2.03300	2.03500			6
2025.11.27	00:09:55.466	2.03286	2.03486			6
2025.11.27	00:09:55.677	2.03300	2.03500			6
2025.11.27	00:09:56.077	2.03299	2.03499			6
2025.11.27	00:09:56.486	2.03309	2.03509			6
2025.11.27	00:09:58.677	2.03298	2.03498			6
2025.11.27	00:09:59.082	2.03308	2.03508			6
2025.11.27	00:09:59.683	2.03297	2.03493			6
2025.11.27	00:09:59.899	2.03298	2.03498			6
2025.11.27	00:10:00.280	2.03310	2.03510			6
2025.11.27	00:10:00.495	2.03308	2.03508			6
2025.11.27	00:10:01.910	2.03310	2.03510			6
2025.11.27	00:10:02.107	2.03308	2.03508			6
2025.11.27	00:10:02.928	2.03309	2.03509			6
2025.11.27	00:10:03.263		2.03481			4
2025.11.27	00:10:03.293	2.03297				2
2025.11.27	00:10:04.433		2.03493			4
2025.11.27	00:10:04.495	2.03311	2.03511			6
2025.11.27	00:10:04.704	2.03309	2.03509			6
2025.11.27	00:10:05.306	2.03304	2.03504			6
2025.11.27	00:10:06.098	2.03306	2.03506			6
2025.11.27	00:10:06.250		2.03488			4
2025.11.27	00:10:06.310	2.03295				2
2025.11.27	00:10:06.400		2.03495			4
2025.11.27	00:10:06.521	2.03341	2.03527			6
2025.11.27	00:10:06.828		2.03538			4
2025.11.27	00:10:06.930	2.03345				2
2025.11.27	00:10:07.513	2.03343				2
2025.11.27	00:10:08.224		2.03543			4
2025.11.27	00:10:08.314	2.03347	2.03547			6
2025.11.27	00:10:08.930	2.03346	2.03546			6
2025.11.27	00:10:09.110	2.03347	2.03547			6
2025.11.27	00:10:09.329	2.03345	2.03545			6
2025.11.27	00:10:09.624		2.03509			4
2025.11.27	00:10:10.121	2.03344				2
2025.11.27	00:10:10.528	2.03347				2
2025.11.27	00:10:11.328	2.03345				2
2025.11.27	00:10:11.919	2.03358				2
2025.11.27	00:10:12.327	2.03360				2
2025.11.27	00:10:12.528	2.03359				2
2025.11.27	00:10:13.127	2.03356				2
2025.11.27	00:10:13.526	2.03358				2
2025.11.27	00:10:14.329	2.03356				2
2025.11.27	00:10:14.729	2.03358				2
2025.11.27	00:10:15.744	2.03356				2
2025.11.27	00:10:16.530	2.03357				2
2025.11.27	00:10:16.760	2.03361				2
2025.11.27	00:10:17.298	2.03363				2
2025.11.27	00:10:17.421	2.03357				2
2025.11.27	00:10:17.752	2.03361				2
2025.11.27	00:10:18.958	2.03358				2
2025.11.27	00:10:20.759	2.03362				2
2025.11.27	00:10:22.383	2.03361				2
2025.11.27	00:10:22.569	2.03358				2
2025.11.27	00:10:23.767	2.03359				2
2025.11.27	00:10:26.567	2.03357				2
2025.11.27	00:10:27.170	2.03359				2
2025.11.27	00:10:27.800	2.03357				2
2025.11.27	00:10:28.391	2.03358				2
2025.11.27	00:10:28.584	2.03359				2
2025.11.27	00:10:28.796	2.03361				2
2025.11.27	00:10:28.998	2.03360				2
2025.11.27	00:10:31.793	2.03361				2
2025.11.27	00:10:32.010	2.03359				2
2025.11.27	00:10:33.006	2.03358				2
2025.11.27	00:10:33.414	2.03359				2
2025.11.27	00:10:34.012	2.03360				2
2025.11.27	00:10:35.023	2.03361				2
2025.11.27	00:10:35.419	2.03360				2
2025.11.27	00:10:36.019	2.03359				2
2025.11.27	00:10:36.220	2.03358				2
2025.11.27	00:10:37.382		2.03514			4
2025.11.27	00:10:37.811	2.03359				2
2025.11.27	00:10:39.224	2.03358				2
2025.11.27	00:10:40.225	2.03359				2
2025.11.27	00:10:40.442	2.03361				2
2025.11.27	00:10:40.814	2.03360				2
2025.11.27	00:10:41.027	2.03358				2
2025.11.27	00:10:41.849	2.03359				2
2025.11.27	00:10:42.037	2.03360				2
2025.11.27	00:10:42.437	2.03361				2
2025.11.27	00:10:43.029	2.03360				2
2025.11.27	00:10:43.819	2.03359				2
2025.11.27	00:10:44.429	2.03360				2
2025.11.27	00:10:45.635	2.03361				2
2025.11.27	00:10:45.829	2.03360				2
2025.11.27	00:10:47.628	2.03359				2
2025.11.27	00:10:47.839	2.03358				2
2025.11.27	00:10:49.266	2.03359				2
2025.11.27	00:10:49.468	2.03358				2
2025.11.27	00:10:49.649	2.03359				2
2025.11.27	00:10:51.648	2.03357				2
2025.11.27	00:10:52.265	2.03358				2
2025.11.27	00:10:53.079	2.03360				2
2025.11.27	00:10:53.268	2.03359				2
2025.11.27	00:10:53.653	2.03357				2
2025.11.27	00:10:53.876	2.03359				2
2025.11.27	00:10:54.847	2.03358				2
2025.11.27	00:10:55.286	2.03359				2
2025.11.27	00:10:56.077	2.03358				2
2025.11.27	00:10:56.474	2.03359				2
2025.11.27	00:10:57.482	2.03358				2
2025.11.27	00:10:58.086	2.03357				2
2025.11.27	00:10:59.094	2.03356				2
2025.11.27	00:11:00.072	2.03355				2
2025.11.27	00:11:00.899	2.03356				2
2025.11.27	00:11:01.876	2.03357				2
2025.11.27	00:11:03.097	2.03359				2
2025.11.27	00:11:03.498	2.03360				2
2025.11.27	00:11:03.710		2.03523			4
2025.11.27	00:11:03.897	2.03362				2
2025.11.27	00:11:04.709	2.03361				2
2025.11.27	00:11:04.907	2.03362				2
2025.11.27	00:11:05.314	2.03363				2
2025.11.27	00:11:05.706	2.03361				2
2025.11.27	00:11:05.891	2.03363				2
2025.11.27	00:11:06.895	2.03364				2
2025.11.27	00:11:07.718	2.03363				2
2025.11.27	00:11:08.520	2.03364				2
2025.11.27	00:11:08.705	2.03362				2
2025.11.27	00:11:08.907	2.03361				2
2025.11.27	00:11:09.118	2.03364				2
2025.11.27	00:11:09.903	2.03365				2
2025.11.27	00:11:11.123	2.03363				2
2025.11.27	00:11:11.919	2.03362				2
2025.11.27	00:11:12.106	2.03358				2
2025.11.27	00:11:12.920	2.03357				2
2025.11.27	00:11:13.712	2.03359				2
2025.11.27	00:11:14.529	2.03360				2
2025.11.27	00:11:14.906	2.03358				2
2025.11.27	00:11:15.340	2.03361				2
2025.11.27	00:11:16.736	2.03359				2
2025.11.27	00:11:18.526	2.03361				2
2025.11.27	00:11:18.955	2.03360				2
2025.11.27	00:11:19.952	2.03359				2
2025.11.27	00:11:20.334	2.03357				2
2025.11.27	00:11:22.057		2.03509			4
2025.11.27	00:11:22.147	2.03355				2
2025.11.27	00:11:22.351	2.03365				2
2025.11.27	00:11:23.362	2.03367				2
2025.11.27	00:11:24.351	2.03368				2
2025.11.27	00:11:25.167	2.03369				2
2025.11.27	00:11:25.562	2.03370				2
2025.11.27	00:11:25.969	2.03369				2
2025.11.27	00:11:26.179	2.03367				2
2025.11.27	00:11:26.566	2.03370				2
2025.11.27	00:11:26.970	2.03369				2
2025.11.27	00:11:27.160	2.03366				2
2025.11.27	00:11:27.370	2.03364				2
2025.11.27	00:11:28.385	2.03365				2
2025.11.27	00:11:28.790	2.03516	2.03652			6
2025.11.27	00:11:29.171	2.03515				2
2025.11.27	00:11:29.508		2.03615			4
2025.11.27	00:11:29.568	2.03514				2
2025.11.27	00:11:29.758		2.03595			4
2025.11.27	00:11:30.388	2.03515				2
2025.11.27	00:11:30.586	2.03514				2
2025.11.27	00:11:30.728		2.03621			4
2025.11.27	00:11:30.999	2.03513				2
2025.11.27	00:11:31.569	2.03510				2
2025.11.27	00:11:31.992	2.03509				2
2025.11.27	00:11:32.389	2.03513				2
2025.11.27	00:11:33.134		2.03612			4
2025.11.27	00:11:33.389	2.03515				2
2025.11.27	00:11:33.569	2.03512				2
2025.11.27	00:11:33.791	2.03515				2
2025.11.27	00:11:34.589	2.03517				2
2025.11.27	00:11:35.011	2.03514				2
2025.11.27	00:11:35.280		2.03610			4
2025.11.27	00:11:35.585	2.03516				2
2025.11.27	00:11:35.988	2.03514				2
2025.11.27	00:11:36.599	2.03516				2
2025.11.27	00:11:36.809	2.03514				2
2025.11.27	00:11:37.799	2.03516				2
2025.11.27	00:11:38.399	2.03514				2
2025.11.27	00:11:39.012	2.03516				2
2025.11.27	00:11:39.204	2.03518				2
2025.11.27	00:11:39.603	2.03515				2
2025.11.27	00:11:39.810	2.03521	2.03613			6
2025.11.27	00:11:40.143		2.03615			4
2025.11.27	00:11:40.207	2.03524				2
2025.11.27	00:11:40.357		2.03613			4
2025.11.27	00:11:40.416	2.03523				2
2025.11.27	00:11:40.729		2.03620			4
2025.11.27	00:11:40.922		2.03618			4
2025.11.27	00:11:41.012	2.03526				2
2025.11.27	00:11:41.337		2.03625			4
2025.11.27	00:11:41.398	2.03528				2
2025.11.27	00:11:41.600	2.03526				2
2025.11.27	00:11:41.737		2.03622			4
2025.11.27	00:11:41.797	2.03530				2
2025.11.27	00:11:41.856		2.03631			4
2025.11.27	00:11:42.206	2.03528				2
2025.11.27	00:11:43.231	2.03532				2
2025.11.27	00:11:43.425	2.03528				2
2025.11.27	00:11:44.203	2.03532				2
2025.11.27	00:11:44.413	2.03529				2
2025.11.27	00:11:45.018	2.03533				2
2025.11.27	00:11:45.199	2.03528				2
2025.11.27	00:11:45.437	2.03526				2
2025.11.27	00:11:45.806	2.03525				2
2025.11.27	00:11:46.624	2.03529				2
2025.11.27	00:11:47.437	2.03525				2
2025.11.27	00:11:47.839	2.03529				2
2025.11.27	00:11:49.244	2.03372	2.03543			6
2025.11.27	00:11:49.439	2.03366				2
2025.11.27	00:11:50.039	2.03365				2
2025.11.27	00:11:50.429	2.03364				2
2025.11.27	00:11:50.589		2.03523			4
2025.11.27	00:11:50.649	2.03319	2.03519			6
2025.11.27	00:11:51.048	2.03322	2.03522			6
2025.11.27	00:11:51.231	2.03318	2.03518			6
2025.11.27	00:11:52.051	2.03317	2.03517			6
2025.11.27	00:11:52.236	2.03320	2.03520			6
2025.11.27	00:11:52.448	2.03321	2.03521			6
2025.11.27	00:11:52.645	2.03317	2.03517			6
2025.11.27	00:11:52.855	2.03321	2.03521			6
2025.11.27	00:11:53.036	2.03320	2.03520			6
2025.11.27	00:11:53.658	2.03317	2.03517			6
2025.11.27	00:11:53.839	2.03320	2.03520			6
2025.11.27	00:11:54.446	2.03337	2.03523			6
2025.11.27	00:11:54.506		2.03531			4
2025.11.27	00:11:54.568		2.03527			4
2025.11.27	00:11:54.628	2.03338				2
2025.11.27	00:11:54.841	2.03335				2
2025.11.27	00:11:55.150		2.03533			4
2025.11.27	00:11:55.180		2.03535			4
2025.11.27	00:11:55.241	2.03339	2.03539			6
2025.11.27	00:11:55.647	2.03336	2.03536			6
2025.11.27	00:11:56.359		2.03527			4
2025.11.27	00:11:56.448	2.03340				2
2025.11.27	00:11:56.664	2.03336				2
2025.11.27	00:11:57.033		2.03536			4
2025.11.27	00:11:57.445	2.03337	2.03537			6
2025.11.27	00:11:57.657	2.03340	2.03540			6
2025.11.27	00:11:57.868	2.03337	2.03537			6
2025.11.27	00:11:58.229		2.03531			4
2025.11.27	00:12:00.099	2.03337	2.03537			6
2025.11.27	00:12:00.684	2.03340	2.03540			6
2025.11.27	00:12:00.851		2.03531			4
2025.11.27	00:12:00.881	2.03337				2
2025.11.27	00:12:01.480	2.03338				2
2025.11.27	00:12:01.872	2.03340				2
2025.11.27	00:12:02.084	2.03338				2
2025.11.27	00:12:02.466	2.03341				2
2025.11.27	00:12:02.684	2.03340				2
2025.11.27	00:12:02.864	2.03337				2
2025.11.27	00:12:03.074		2.03534			4
2025.11.27	00:12:03.490	2.03341				2
2025.11.27	00:12:03.880	2.03337				2
2025.11.27	00:12:04.669	2.03341				2
2025.11.27	00:12:05.095	2.03338				2
2025.11.27	00:12:05.489	2.03341				2
2025.11.27	00:12:05.883	2.03337				2
2025.11.27	00:12:06.307	2.03341				2
2025.11.27	00:12:07.086	2.03338				2
2025.11.27	00:12:07.489	2.03306	2.03506			6
2025.11.27	00:12:07.701	2.03307	2.03507			6
2025.11.27	00:12:08.109	2.03299	2.03499			6
2025.11.27	00:12:08.288	2.03327	2.03527			6
2025.11.27	00:12:08.500	2.03332				2
2025.11.27	00:12:08.709	2.03329				2
2025.11.27	00:12:08.771		2.03529			4
2025.11.27	00:12:09.108	2.03332	2.03532			6
2025.11.27	00:12:09.489	2.03329	2.03529			6
2025.11.27	00:12:10.527	2.03332	2.03532			6
2025.11.27	00:12:10.708	2.03329	2.03529			6
2025.11.27	00:12:11.718	2.03332	2.03532			6
2025.11.27	00:12:12.317	2.03329	2.03529			6
2025.11.27	00:12:12.926	2.03332	2.03532			6
2025.11.27	00:12:13.138	2.03329	2.03529			6
2025.11.27	00:12:13.916	2.03332	2.03532			6
2025.11.27	00:12:14.336	2.03329	2.03529			6
2025.11.27	00:12:15.113	2.03332	2.03532			6
2025.11.27	00:12:15.535	2.03329	2.03529			6
2025.11.27	00:12:15.936	2.03332	2.03532			6
2025.11.27	00:12:16.337	2.03329	2.03529			6
2025.11.27	00:12:17.120	2.03330	2.03530			6
2025.11.27	00:12:17.547	2.03333	2.03533			6
2025.11.27	00:12:17.736	2.03330	2.03530			6
2025.11.27	00:12:18.350	2.03333	2.03533			6
2025.11.27	00:12:18.533	2.03330	2.03530			6
2025.11.27	00:12:19.349	2.03333	2.03533			6
2025.11.27	00:12:19.529	2.03330	2.03530			6
2025.11.27	00:12:20.149	2.03333	2.03533			6
2025.11.27	00:12:20.367	2.03330	2.03530			6
2025.11.27	00:12:20.734	2.03333	2.03533			6
2025.11.27	00:12:21.150	2.03330	2.03530			6
2025.11.27	00:12:21.736	2.03333	2.03533			6
2025.11.27	00:12:22.151	2.03330	2.03530			6
2025.11.27	00:12:22.564	2.03333	2.03533			6
2025.11.27	00:12:22.937	2.03330	2.03530			6
2025.11.27	00:12:23.549	2.03332	2.03532			6
2025.11.27	00:12:24.139	2.03329	2.03529			6
2025.11.27	00:12:24.351	2.03331	2.03531			6
2025.11.27	00:12:25.162	2.03329	2.03529			6
2025.11.27	00:12:25.369	2.03332	2.03532			6
2025.11.27	00:12:25.766	2.03331	2.03531			6
2025.11.27	00:12:25.976	2.03329	2.03529			6
2025.11.27	00:12:26.155	2.03331	2.03531			6
2025.11.27	00:12:26.978	2.03329	2.03529			6
2025.11.27	00:12:28.959	2.03331	2.03531			6
2025.11.27	00:12:29.383	2.03332	2.03532			6
2025.11.27	00:12:29.564	2.03328	2.03528			6
2025.11.27	00:12:29.776	2.03331	2.03531			6
2025.11.27	00:12:30.165	2.03332	2.03532			6
2025.11.27	00:12:30.588	2.03331	2.03531			6
2025.11.27	00:12:30.767	2.03328	2.03528			6
2025.11.27	00:12:30.977	2.03332	2.03532			6
2025.11.27	00:12:31.182	2.03331	2.03531			6
2025.11.27	00:12:31.978	2.03328	2.03528			6
2025.11.27	00:12:32.586	2.03331	2.03531			6
2025.11.27	00:12:32.992	2.03328	2.03528			6
2025.11.27	00:12:34.585	2.03331	2.03531			6
2025.11.27	00:12:34.783	2.03328	2.03528			6
2025.11.27	00:12:35.176	2.03331	2.03531			6
2025.11.27	00:12:36.002	2.03328	2.03528			6
2025.11.27	00:12:36.184	2.03332	2.03532			6
2025.11.27	00:12:36.787	2.03328	2.03528			6
2025.11.27	00:12:37.194	2.03326	2.03526			6
2025.11.27	00:12:37.612	2.03330	2.03530			6
2025.11.27	00:12:37.793	2.03321	2.03521			6
2025.11.27	00:12:38.812	2.03324	2.03524			6
2025.11.27	00:12:38.994	2.03327	2.03527			6
2025.11.27	00:12:39.214	2.03321	2.03521			6
2025.11.27	00:12:39.416	2.03325	2.03525			6
2025.11.27	00:12:39.790	2.03321	2.03521			6
2025.11.27	00:12:40.219	2.03330	2.03530			6
2025.11.27	00:12:40.396	2.03321	2.03521			6
2025.11.27	00:12:41.000	2.03327	2.03527			6
2025.11.27	00:12:41.213	2.03330	2.03530			6
2025.11.27	00:12:41.432	2.03321	2.03521			6
2025.11.27	00:12:41.614	2.03327	2.03527			6
2025.11.27	00:12:42.019	2.03325	2.03525			6
2025.11.27	00:12:42.212	2.03321	2.03521			6
2025.11.27	00:12:42.413	2.03328	2.03528			6
2025.11.27	00:12:43.034	2.03331	2.03531			6
2025.11.27	00:12:43.829	2.03328	2.03528			6
2025.11.27	00:12:44.229	2.03331	2.03531			6
2025.11.27	00:12:45.828	2.03327	2.03527			6
2025.11.27	00:12:46.826	2.03330	2.03530			6
2025.11.27	00:12:47.036	2.03327	2.03527			6
2025.11.27	00:12:47.247	2.03326	2.03526			6
2025.11.27	00:12:47.845	2.03328	2.03528			6
2025.11.27	00:12:48.450	2.03326	2.03526			6
2025.11.27	00:12:49.648	2.03328	2.03528			6
2025.11.27	00:12:50.049	2.03326	2.03526			6
2025.11.27	00:12:50.252	2.03328	2.03528			6
2025.11.27	00:12:51.266	2.03326	2.03526			6
2025.11.27	00:12:51.644	2.03327	2.03527			6
2025.11.27	00:12:52.246	2.03329	2.03529			6
2025.11.27	00:12:53.060	2.03327	2.03527			6
2025.11.27	00:12:53.459	2.03329	2.03529			6
2025.11.27	00:12:53.846	2.03326	2.03526			6
2025.11.27	00:12:54.432	2.03329	2.03529			6
2025.11.27	00:12:54.843	2.03326	2.03526			6
2025.11.27	00:12:55.250	2.03329	2.03529			6
2025.11.27	00:12:55.651	2.03327	2.03527			6
2025.11.27	00:12:56.266	2.03329	2.03529			6
2025.11.27	00:12:56.876	2.03326	2.03526			6
2025.11.27	00:12:57.079	2.03329	2.03529			6
2025.11.27	00:12:58.068	2.03326	2.03526			6
2025.11.27	00:12:58.866	2.03329	2.03529			6
2025.11.27	00:12:59.686	2.03326	2.03526			6
2025.11.27	00:13:00.071	2.03329	2.03529			6
2025.11.27	00:13:00.876	2.03327	2.03527			6
2025.11.27	00:13:01.269	2.03328	2.03528			6
2025.11.27	00:13:02.078	2.03327	2.03527			6
2025.11.27	00:13:02.499	2.03329	2.03529			6
2025.11.27	00:13:02.679	2.03327	2.03527			6
2025.11.27	00:13:03.077	2.03329	2.03529			6
2025.11.27	00:13:03.288	2.03327	2.03527			6
2025.11.27	00:13:04.287	2.03329	2.03529			6
2025.11.27	00:13:04.490	2.03327	2.03527			6
2025.11.27	00:13:05.081	2.03326	2.03526			6
2025.11.27	00:13:05.489	2.03329	2.03529			6
2025.11.27	00:13:05.714	2.03326	2.03526			6
2025.11.27	00:13:06.311	2.03329	2.03529			6
2025.11.27	00:13:06.492	2.03327	2.03527			6
2025.11.27	00:13:07.510	2.03329	2.03529			6
2025.11.27	00:13:08.325	2.03326	2.03526			6
2025.11.27	00:13:08.482	2.03325	2.03525			6
2025.11.27	00:13:08.692	2.03327	2.03527			6
2025.11.27	00:13:09.518	2.03325	2.03525			6
2025.11.27	00:13:09.701	2.03324	2.03524			6
2025.11.27	00:13:10.102	2.03319	2.03519			6
2025.11.27	00:13:10.314	2.03324	2.03524			6
2025.11.27	00:13:10.710	2.03317	2.03517			6
2025.11.27	00:13:10.921	2.03324	2.03524			6
2025.11.27	00:13:11.101	2.03320	2.03520			6
2025.11.27	00:13:11.327	2.03325	2.03525			6
2025.11.27	00:13:11.512	2.03328	2.03528			6
2025.11.27	00:13:11.901	2.03327	2.03527			6
2025.11.27	00:13:12.127	2.03325	2.03525			6
2025.11.27	00:13:12.492	2.03317	2.03517			6
2025.11.27	00:13:12.725	2.03325	2.03525			6
2025.11.27	00:13:13.126	2.03320	2.03520			6
2025.11.27	00:13:14.312	2.03317	2.03517			6
2025.11.27	00:13:14.718	2.03322	2.03522			6
2025.11.27	00:13:14.899	2.03317	2.03517			6
2025.11.27	00:13:15.131	2.03320	2.03520			6
2025.11.27	00:13:15.325	2.03325	2.03525			6
2025.11.27	00:13:15.911	2.03318	2.03518			6
2025.11.27	00:13:16.122	2.03323	2.03523			6
2025.11.27	00:13:16.324	2.03326	2.03526			6
2025.11.27	00:13:16.537	2.03321	2.03521			6
2025.11.27	00:13:16.723	2.03323	2.03523			6
2025.11.27	00:13:17.150	2.03322	2.03522			6
2025.11.27	00:13:17.336	2.03326	2.03526			6
2025.11.27	00:13:17.553	2.03325	2.03525			6
2025.11.27	00:13:18.543	2.03323	2.03523			6
2025.11.27	00:13:18.728	2.03324	2.03524			6
2025.11.27	00:13:18.925	2.03319	2.03519			6
2025.11.27	00:13:19.541	2.03317	2.03517			6
2025.11.27	00:13:19.960	2.03320	2.03520			6
2025.11.27	00:13:20.346	2.03317	2.03517			6
2025.11.27	00:13:21.157	2.03321	2.03521			6
2025.11.27	00:13:21.543	2.03318	2.03518			6
2025.11.27	00:13:21.748	2.03321	2.03521			6
2025.11.27	00:13:21.951	2.03318	2.03518			6
2025.11.27	00:13:22.147	2.03321	2.03521			6
2025.11.27	00:13:22.352	2.03322	2.03522			6
2025.11.27	00:13:22.542	2.03319	2.03519			6
2025.11.27	00:13:22.967	2.03324	2.03524			6
2025.11.27	00:13:23.133	2.03321	2.03521			6
2025.11.27	00:13:23.536	2.03322	2.03522			6
2025.11.27	00:13:23.747	2.03321	2.03521			6
2025.11.27	00:13:23.967	2.03324	2.03524			6
2025.11.27	00:13:24.370	2.03321	2.03521			6
2025.11.27	00:13:24.550	2.03319	2.03519			6
2025.11.27	00:13:24.763	2.03324	2.03524			6
2025.11.27	00:13:24.971	2.03321	2.03521			6
2025.11.27	00:13:25.166	2.03324	2.03524			6
2025.11.27	00:13:25.369	2.03322	2.03522			6
2025.11.27	00:13:25.550	2.03321	2.03521			6
2025.11.27	00:13:25.767	2.03324	2.03524			6
2025.11.27	00:13:26.172	2.03321	2.03521			6
2025.11.27	00:13:26.554	2.03319	2.03519			6
2025.11.27	00:13:26.764	2.03322	2.03522			6
2025.11.27	00:13:26.974	2.03319	2.03519			6
2025.11.27	00:13:27.166	2.03322	2.03522			6
2025.11.27	00:13:27.355	2.03324	2.03524			6
2025.11.27	00:13:27.776	2.03322	2.03522			6
2025.11.27	00:13:27.956	2.03319	2.03519			6
2025.11.27	00:13:28.383	2.03321	2.03521			6
2025.11.27	00:13:28.770	2.03324	2.03524			6
2025.11.27	00:13:28.973	2.03319	2.03519			6
2025.11.27	00:13:29.569	2.03322	2.03522			6
2025.11.27	00:13:29.790	2.03321	2.03521			6
2025.11.27	00:13:29.966	2.03318	2.03518			6
2025.11.27	00:13:30.367	2.03324	2.03524			6
2025.11.27	00:13:30.589	2.03321	2.03521			6
2025.11.27	00:13:30.789	2.03318	2.03518			6
2025.11.27	00:13:31.357	2.03321	2.03521			6
2025.11.27	00:13:31.587	2.03324	2.03524			6
2025.11.27	00:13:31.984	2.03322	2.03522			6
2025.11.27	00:13:32.372	2.03325	2.03525			6
2025.11.27	00:13:32.591	2.03327	2.03527			6
2025.11.27	00:13:32.772	2.03326	2.03526			6
2025.11.27	00:13:32.988	2.03327	2.03527			6
2025.11.27	00:13:33.170	2.03322	2.03522			6
2025.11.27	00:13:33.396	2.03319	2.03519			6
2025.11.27	00:13:33.575	2.03316	2.03516			6
2025.11.27	00:13:33.998	2.03318	2.03518			6
2025.11.27	00:13:34.177	2.03319	2.03519			6
2025.11.27	00:13:34.398	2.03322	2.03522			6
2025.11.27	00:13:34.788	2.03323	2.03523			6
2025.11.27	00:13:34.977	2.03318	2.03518			6
2025.11.27	00:13:35.396	2.03319	2.03519			6
2025.11.27	00:13:35.606	2.03320	2.03520			6
2025.11.27	00:13:35.795	2.03323	2.03523			6
2025.11.27	00:13:36.005	2.03321	2.03521			6
2025.11.27	00:13:36.192	2.03318	2.03518			6
2025.11.27	00:13:36.386	2.03321	2.03521			6
2025.11.27	00:13:36.599	2.03326	2.03526			6
2025.11.27	00:13:36.782	2.03330	2.03530			6
2025.11.27	00:13:37.617	2.03332	2.03532			6
2025.11.27	00:13:37.792	2.03330	2.03530			6
2025.11.27	00:13:38.415	2.03333	2.03533			6
2025.11.27	00:13:38.599	2.03331	2.03531			6
2025.11.27	00:13:38.992	2.03326	2.03526			6
2025.11.27	00:13:39.610	2.03333	2.03533			6
2025.11.27	00:13:39.792	2.03328	2.03528			6
2025.11.27	00:13:40.221	2.03333	2.03533			6
2025.11.27	00:13:40.400	2.03331	2.03531			6
2025.11.27	00:13:40.620	2.03334	2.03534			6
2025.11.27	00:13:40.736		2.03531			4
2025.11.27	00:13:40.796	2.03328	2.03528			6
2025.11.27	00:13:41.230	2.03329	2.03529			6
2025.11.27	00:13:41.390	2.03332	2.03531			6
2025.11.27	00:13:41.509		2.03532			4
2025.11.27	00:13:41.811	2.03329	2.03529			6
2025.11.27	00:13:42.023	2.03326	2.03526			6
2025.11.27	00:13:42.206	2.03332	2.03532			6
2025.11.27	00:13:42.424	2.03334	2.03534			6
2025.11.27	00:13:42.823	2.03335	2.03535			6
2025.11.27	00:13:43.220	2.03329	2.03529			6
2025.11.27	00:13:43.823	2.03326	2.03526			6
2025.11.27	00:13:44.013	2.03332	2.03531			6
2025.11.27	00:13:44.235	2.03334				2
2025.11.27	00:13:44.438	2.03329	2.03529			6
2025.11.27	00:13:44.606	2.03334	2.03531			6
2025.11.27	00:13:45.021	2.03328	2.03528			6
2025.11.27	00:13:45.238	2.03332	2.03531			6
2025.11.27	00:13:45.420	2.03331				2
2025.11.27	00:13:45.622	2.03328	2.03528			6
2025.11.27	00:13:45.835	2.03332	2.03531			6
2025.11.27	00:13:46.209	2.03334				2
2025.11.27	00:13:46.418	2.03332				2
2025.11.27	00:13:46.841	2.03328	2.03528			6
2025.11.27	00:13:47.037	2.03332	2.03531			6
2025.11.27	00:13:47.249	2.03334				2
2025.11.27	00:13:47.640	2.03332				2
2025.11.27	00:13:47.850	2.03329	2.03529			6
2025.11.27	00:13:48.244	2.03334	2.03531			6
2025.11.27	00:13:48.435	2.03328	2.03528			6
2025.11.27	00:13:48.713		2.03527			4
2025.11.27	00:13:48.839	2.03332				2
2025.11.27	00:13:49.031	2.03334				2
2025.11.27	00:13:49.448	2.03332				2
2025.11.27	00:13:49.643	2.03326	2.03526			6
2025.11.27	00:13:49.853	2.03329	2.03527			6
2025.11.27	00:13:49.947		2.03529			4
2025.11.27	00:13:50.037	2.03334				2
2025.11.27	00:13:50.222	2.03329				2
2025.11.27	00:13:50.649	2.03332				2
2025.11.27	00:13:50.858	2.03326	2.03526			6
2025.11.27	00:13:51.260	2.03332	2.03529			6
2025.11.27	00:13:51.441	2.03328	2.03528			6
2025.11.27	00:13:51.658	2.03334	2.03529			6
2025.11.27	00:13:51.839	2.03328	2.03528			6
2025.11.27	00:13:52.046	2.03326	2.03526			6
2025.11.27	00:13:52.232	2.03333	2.03529			6
2025.11.27	00:13:52.647	2.03329				2
2025.11.27	00:13:53.068	2.03330				2
2025.11.27	00:13:53.249	2.03329				2
2025.11.27	00:13:53.439	2.03327	2.03527			6
2025.11.27	00:13:53.667		2.03520			4
2025.11.27	00:13:54.479	2.03323				2
2025.11.27	00:13:54.657	2.03327				2
2025.11.27	00:13:55.053	2.03323				2
2025.11.27	00:13:55.480	2.03327				2
2025.11.27	00:13:56.058	2.03325				2
2025.11.27	00:13:56.274	2.03329				2
2025.11.27	00:13:56.459	2.03327				2
2025.11.27	00:13:56.488		2.03522			4
2025.11.27	00:13:56.669	2.03323				2
2025.11.27	00:13:56.876	2.03327				2
2025.11.27	00:13:57.031		2.03527			4
2025.11.27	00:13:57.062	2.03332	2.03532			6
2025.11.27	00:13:57.092		2.03520			4
2025.11.27	00:13:57.273	2.03325				2
2025.11.27	00:13:57.877	2.03328				2
2025.11.27	00:13:58.067	2.03325				2
2025.11.27	00:13:58.467	2.03329				2
2025.11.27	00:13:58.691	2.03323				2
2025.11.27	00:13:59.259	2.03326				2
2025.11.27	00:14:00.283	2.03322				2
2025.11.27	00:14:00.676	2.03326				2
2025.11.27	00:14:01.676	2.03323				2
2025.11.27	00:14:01.886	2.03322				2
2025.11.27	00:14:02.098	2.03323				2
2025.11.27	00:14:02.280	2.03322				2
2025.11.27	00:14:02.497	2.03330				2
2025.11.27	00:14:02.708	2.03326				2
2025.11.27	00:14:03.098	2.03325				2
2025.11.27	00:14:03.308	2.03323				2
2025.11.27	00:14:03.490	2.03326				2
2025.11.27	00:14:04.090	2.03323				2
2025.11.27	00:14:04.303	2.03326				2
2025.11.27	00:14:04.512	2.03325				2
2025.11.27	00:14:04.682	2.03330				2
2025.11.27	00:14:05.099	2.03326				2
2025.11.27	00:14:05.892	2.03323				2
2025.11.27	00:14:06.108	2.03325				2
2025.11.27	00:14:06.318	2.03326				2
2025.11.27	00:14:07.522	2.03323				2
2025.11.27	00:14:07.702	2.03326				2
2025.11.27	00:14:07.922	2.03330				2
2025.11.27	00:14:08.103	2.03326				2
2025.11.27	00:14:09.706	2.03325				2
2025.11.27	00:14:10.015		2.03525			4
2025.11.27	00:14:10.105	2.03321	2.03521			6
2025.11.27	00:14:10.506	2.03325	2.03525			6
2025.11.27	00:14:10.728	2.03321	2.03521			6
2025.11.27	00:14:11.136	2.03324	2.03524			6
2025.11.27	00:14:11.311	2.03325	2.03525			6
2025.11.27	00:14:11.521	2.03328	2.03528			6
2025.11.27	00:14:11.918	2.03325	2.03525			6
2025.11.27	00:14:12.326	2.03328	2.03528			6
2025.11.27	00:14:12.937	2.03325	2.03525			6
2025.11.27	00:14:13.542	2.03328	2.03528			6
2025.11.27	00:14:14.334	2.03325	2.03525			6
2025.11.27	00:14:14.927	2.03321	2.03521			6
2025.11.27	00:14:15.138	2.03325	2.03525			6
2025.11.27	00:14:15.337	2.03321	2.03521			6
2025.11.27	00:14:15.922	2.03329	2.03529			6
2025.11.27	00:14:16.132	2.03321	2.03521			6
2025.11.27	00:14:17.153	2.03325	2.03525			6
2025.11.27	00:14:17.916	2.03323	2.03523			6
2025.11.27	00:14:18.137	2.03327	2.03527			6
2025.11.27	00:14:18.536	2.03325	2.03525			6
2025.11.27	00:14:18.752	2.03321	2.03521			6
2025.11.27	00:14:18.938	2.03325	2.03525			6
2025.11.27	00:14:19.148	2.03327	2.03527			6
2025.11.27	00:14:19.341	2.03323	2.03523			6
2025.11.27	00:14:19.551	2.03321	2.03521			6
2025.11.27	00:14:19.955	2.03327	2.03527			6
2025.11.27	00:14:20.353	2.03325	2.03525			6
2025.11.27	00:14:20.563	2.03324	2.03524			6
2025.11.27	00:14:20.773	2.03325	2.03525			6
2025.11.27	00:14:20.938	2.03327	2.03527			6
2025.11.27	00:14:21.355	2.03328	2.03528			6
2025.11.27	00:14:21.757	2.03324	2.03524			6
2025.11.27	00:14:22.157	2.03328	2.03528			6
2025.11.27	00:14:22.748	2.03324	2.03524			6
2025.11.27	00:14:22.968	2.03323	2.03523			6
2025.11.27	00:14:23.776	2.03326	2.03526			6
2025.11.27	00:14:24.568	2.03322	2.03522			6
2025.11.27	00:14:24.761	2.03325	2.03525			6
2025.11.27	00:14:24.973	2.03329	2.03529			6
2025.11.27	00:14:25.372	2.03325	2.03525			6
2025.11.27	00:14:25.767	2.03322	2.03522			6
2025.11.27	00:14:25.949	2.03325	2.03525			6
2025.11.27	00:14:26.354	2.03328	2.03528			6
2025.11.27	00:14:26.571	2.03325	2.03525			6
2025.11.27	00:14:26.788	2.03322	2.03522			6
2025.11.27	00:14:26.986	2.03325	2.03525			6
2025.11.27	00:14:27.561	2.03322	2.03522			6
2025.11.27	00:14:27.759	2.03321	2.03521			6
2025.11.27	00:14:27.969	2.03324	2.03524			6
2025.11.27	00:14:28.752	2.03322	2.03522			6
2025.11.27	00:14:29.160	2.03324	2.03524			6
2025.11.27	00:14:29.575	2.03321	2.03521			6
2025.11.27	00:14:29.759	2.03324	2.03524			6
2025.11.27	00:14:29.992	2.03328	2.03528			6
2025.11.27	00:14:30.379	2.03324	2.03524			6
2025.11.27	00:14:30.590	2.03321	2.03521			6
2025.11.27	00:14:30.771	2.03328	2.03528			6
2025.11.27	00:14:30.968	2.03326	2.03526			6
2025.11.27	00:14:31.189	2.03328	2.03528			6
2025.11.27	00:14:31.371	2.03325	2.03525			6
2025.11.27	00:14:31.776	2.03324	2.03524			6
2025.11.27	00:14:32.183	2.03327	2.03527			6
2025.11.27	00:14:32.390	2.03324	2.03524			6
2025.11.27	00:14:32.572	2.03322	2.03522			6
2025.11.27	00:14:32.973	2.03324	2.03524			6
2025.11.27	00:14:33.387	2.03328	2.03528			6
2025.11.27	00:14:33.773	2.03327	2.03527			6
2025.11.27	00:14:34.188	2.03326	2.03526			6
2025.11.27	00:14:34.376	2.03324	2.03524			6
2025.11.27	00:14:34.987	2.03326	2.03526			6
2025.11.27	00:14:35.192	2.03329	2.03529			6
2025.11.27	00:14:35.402	2.03326	2.03526			6
2025.11.27	00:14:35.806	2.03324	2.03524			6
2025.11.27	00:14:36.189	2.03326	2.03526			6
2025.11.27	00:14:36.399	2.03328	2.03528			6
2025.11.27	00:14:36.803	2.03330	2.03530			6
2025.11.27	00:14:36.981	2.03328	2.03528			6
2025.11.27	00:14:37.192	2.03327	2.03527			6
2025.11.27	00:14:37.373	2.03325	2.03525			6
2025.11.27	00:14:37.591	2.03329	2.03529			6
2025.11.27	00:14:37.989	2.03327	2.03527			6
2025.11.27	00:14:38.410	2.03329	2.03529			6
2025.11.27	00:14:39.011	2.03327	2.03527			6
2025.11.27	00:14:39.197	2.03325	2.03525			6
2025.11.27	00:14:39.415	2.03329	2.03529			6
2025.11.27	00:14:39.798	2.03325	2.03525			6
2025.11.27	00:14:40.406	2.03327	2.03527			6
2025.11.27	00:14:40.616	2.03331	2.03531			6
2025.11.27	00:14:40.796	2.03329	2.03529			6
2025.11.27	00:14:41.006	2.03327	2.03527			6
2025.11.27	00:14:41.222	2.03331	2.03531			6
2025.11.27	00:14:41.431	2.03329	2.03529			6
2025.11.27	00:14:41.621	2.03331	2.03531			6
2025.11.27	00:14:42.019	2.03329	2.03529			6
2025.11.27	00:14:43.210	2.03328	2.03528			6
2025.11.27	00:14:43.331		2.03509			4
2025.11.27	00:14:43.421	2.03296	2.03496			6
2025.11.27	00:14:43.837	2.03300	2.03500			6
2025.11.27	00:14:44.219	2.03301	2.03501			6
2025.11.27	00:14:44.635	2.03299	2.03499			6
2025.11.27	00:14:45.232	2.03296	2.03496			6
2025.11.27	00:14:45.636	2.03301	2.03501			6
2025.11.27	00:14:45.818	2.03299	2.03499			6
2025.11.27	00:14:46.435	2.03295	2.03495			6
2025.11.27	00:14:46.617	2.03299	2.03499			6
2025.11.27	00:14:47.038	2.03300	2.03500			6
2025.11.27	00:14:47.427	2.03299	2.03499			6
2025.11.27	00:14:48.022	2.03300	2.03500			6
2025.11.27	00:14:48.238	2.03295	2.03495			6
2025.11.27	00:14:48.627	2.03299	2.03499			6
2025.11.27	00:14:48.839	2.03298	2.03498			6
2025.11.27	00:14:49.251	2.03300	2.03500			6
2025.11.27	00:14:49.432	2.03295	2.03495			6
2025.11.27	00:14:49.634	2.03298	2.03498			6
2025.11.27	00:14:49.844	2.03300	2.03500			6
2025.11.27	00:14:50.034	2.03298	2.03498			6
2025.11.27	00:14:50.245	2.03304	2.03504			6
2025.11.27	00:14:50.426	2.03301	2.03501			6
2025.11.27	00:14:50.638	2.03303	2.03503			6
2025.11.27	00:14:52.219	2.03297	2.03497			6
2025.11.27	00:14:52.430	2.03300	2.03500			6
2025.11.27	00:14:52.853	2.03298	2.03498			6
2025.11.27	00:14:53.253	2.03300	2.03500			6
2025.11.27	00:14:53.435	2.03301	2.03501			6
2025.11.27	00:14:53.644	2.03300	2.03500			6
2025.11.27	00:14:53.839	2.03299	2.03499			6
2025.11.27	00:14:54.038	2.03297	2.03497			6
2025.11.27	00:14:54.451	2.03302	2.03502			6
2025.11.27	00:14:54.830	2.03295	2.03495			6
2025.11.27	00:14:55.233	2.03298	2.03498			6
2025.11.27	00:14:55.650	2.03295	2.03495			6
2025.11.27	00:14:56.234	2.03299	2.03499			6
2025.11.27	00:14:56.445	2.03298	2.03498			6
2025.11.27	00:14:56.638	2.03287	2.03487			6
2025.11.27	00:14:57.237		2.03483			4
2025.11.27	00:14:57.268	2.03283				2
2025.11.27	00:14:58.069	2.03286				2
2025.11.27	00:14:58.467	2.03283				2
2025.11.27	00:14:58.858	2.03286				2
2025.11.27	00:14:59.667	2.03283				2
2025.11.27	00:15:00.033	2.03283	2.03470			6
2025.11.27	00:15:00.063	2.03286				2
2025.11.27	00:15:00.183		2.03486			4
2025.11.27	00:15:00.454	2.03283	2.03483			6
2025.11.27	00:15:00.668	2.03282	2.03482			6
2025.11.27	00:15:01.067	2.03286	2.03486			6
2025.11.27	00:15:01.250	2.03284	2.03484			6
2025.11.27	00:15:01.400		2.03470			4
2025.11.27	00:15:02.277	2.03286				2
2025.11.27	00:15:02.678	2.03284				2
2025.11.27	00:15:02.767		2.03484			4
2025.11.27	00:15:02.859	2.03286	2.03486			6
2025.11.27	00:15:03.077	2.03287	2.03487			6
2025.11.27	00:15:03.269	2.03288	2.03488			6
2025.11.27	00:15:04.069	2.03292	2.03492			6
2025.11.27	00:15:04.279	2.03290	2.03490			6
2025.11.27	00:15:04.491	2.03286	2.03486			6
2025.11.27	00:15:04.671	2.03292	2.03492			6
2025.11.27	00:15:05.036		2.03485			4
2025.11.27	00:15:05.167		2.03492			4
2025.11.27	00:15:05.290	2.03288	2.03485			6
2025.11.27	00:15:05.895	2.03291				2
2025.11.27	00:15:06.289	2.03288				2
2025.11.27	00:15:06.665	2.03290				2
2025.11.27	00:15:06.876	2.03288				2
2025.11.27	00:15:07.489	2.03286				2
2025.11.27	00:15:07.893	2.03288				2
2025.11.27	00:15:08.291	2.03290				2
2025.11.27	00:15:08.697	2.03289				2
2025.11.27	00:15:08.877	2.03286				2
2025.11.27	00:15:09.092	2.03288				2
2025.11.27	00:15:09.691	2.03291				2
2025.11.27	00:15:09.911	2.03288				2
2025.11.27	00:15:10.102	2.03286				2
2025.11.27	00:15:10.131		2.03486			4
2025.11.27	00:15:10.691	2.03288				2
2025.11.27	00:15:11.081	2.03286				2
2025.11.27	00:15:11.502	2.03289				2
2025.11.27	00:15:11.686	2.03286				2
2025.11.27	00:15:12.292	2.03288	2.03488			6
2025.11.27	00:15:12.504	2.03286	2.03486			6
2025.11.27	00:15:12.692	2.03289	2.03489			6
2025.11.27	00:15:12.902	2.03291	2.03491			6
2025.11.27	00:15:13.084	2.03286	2.03486			6
2025.11.27	00:15:13.515	2.03291	2.03491			6
2025.11.27	00:15:13.696	2.03289	2.03489			6
2025.11.27	00:15:14.111	2.03286	2.03486			6
2025.11.27	00:15:15.100	2.03289	2.03489			6
2025.11.27	00:15:15.311		2.03486			4
2025.11.27	00:15:15.486	2.03287				2
2025.11.27	00:15:15.918	2.03286				2
2025.11.27	00:15:16.113	2.03284	2.03484			6
2025.11.27	00:15:16.297	2.03287	2.03486			6
2025.11.27	00:15:16.516	2.03276	2.03476			6
2025.11.27	00:15:17.305	2.03273	2.03473			6
2025.11.27	00:15:17.698	2.03276	2.03476			6
2025.11.27	00:15:17.898	2.03273	2.03473			6
2025.11.27	00:15:18.307	2.03275	2.03475			6
2025.11.27	00:15:18.929	2.03272	2.03472			6
2025.11.27	00:15:19.107	2.03274	2.03474			6
2025.11.27	00:15:19.510	2.03275	2.03475			6
2025.11.27	00:15:19.720	2.03272	2.03472			6
2025.11.27	00:15:20.095	2.03274	2.03474			6
2025.11.27	00:15:20.333	2.03272	2.03472			6
2025.11.27	00:15:20.527	2.03275	2.03475			6
2025.11.27	00:15:20.705	2.03274	2.03474			6
2025.11.27	00:15:21.328	2.03275	2.03475			6
2025.11.27	00:15:21.507	2.03273	2.03473			6
2025.11.27	00:15:21.926	2.03276	2.03476			6
2025.11.27	00:15:22.506	2.03275	2.03475			6
2025.11.27	00:15:23.128	2.03277	2.03477			6
2025.11.27	00:15:23.338	2.03271	2.03471			6
2025.11.27	00:15:23.925	2.03273	2.03473			6
2025.11.27	00:15:24.746	2.03275	2.03475			6
2025.11.27	00:15:25.141	2.03273	2.03473			6
2025.11.27	00:15:25.330	2.03275	2.03475			6
2025.11.27	00:15:25.724	2.03273	2.03473			6
2025.11.27	00:15:25.929	2.03276	2.03476			6
2025.11.27	00:15:26.139	2.03274	2.03474			6
2025.11.27	00:15:26.559	2.03273	2.03473			6
2025.11.27	00:15:26.744	2.03274	2.03474			6
2025.11.27	00:15:26.929	2.03276	2.03476			6
2025.11.27	00:15:27.532	2.03271	2.03471			6
2025.11.27	00:15:27.733	2.03274	2.03474			6
2025.11.27	00:15:27.949	2.03276	2.03476			6
2025.11.27	00:15:28.129	2.03274	2.03474			6
2025.11.27	00:15:28.337	2.03276	2.03476			6
2025.11.27	00:15:28.537	2.03274	2.03474			6
2025.11.27	00:15:28.747	2.03273	2.03473			6
2025.11.27	00:15:29.136	2.03271	2.03471			6
2025.11.27	00:15:29.340	2.03273	2.03473			6
2025.11.27	00:15:29.761	2.03274	2.03474			6
2025.11.27	00:15:30.165	2.03273	2.03473			6
2025.11.27	00:15:30.532	2.03271	2.03471			6
2025.11.27	00:15:30.755	2.03276	2.03476			6
2025.11.27	00:15:31.132	2.03274	2.03474			6
2025.11.27	00:15:31.363	2.03273	2.03473			6
2025.11.27	00:15:31.552	2.03274	2.03474			6
2025.11.27	00:15:31.964	2.03276	2.03476			6
2025.11.27	00:15:32.151	2.03274	2.03474			6
2025.11.27	00:15:32.340	2.03273	2.03473			6
2025.11.27	00:15:32.538	2.03276	2.03476			6
2025.11.27	00:15:32.760	2.03274	2.03474			6
2025.11.27	00:15:32.941	2.03276	2.03476			6
2025.11.27	00:15:33.370	2.03274	2.03474			6
2025.11.27	00:15:33.579	2.03271	2.03471			6
2025.11.27	00:15:34.175	2.03273	2.03473			6
2025.11.27	00:15:34.555	2.03271	2.03471			6
2025.11.27	00:15:34.748	2.03273	2.03473			6
2025.11.27	00:15:35.161	2.03274	2.03474			6
2025.11.27	00:15:35.372	2.03271	2.03471			6
2025.11.27	00:15:35.571	2.03274	2.03474			6
2025.11.27	00:15:35.775	2.03271	2.03471			6
2025.11.27	00:15:36.167	2.03273	2.03473			6
2025.11.27	00:15:36.377	2.03275	2.03475			6
2025.11.27	00:15:36.557	2.03270	2.03470			6
2025.11.27	00:15:37.367	2.03273	2.03473			6
2025.11.27	00:15:37.973	2.03275	2.03475			6
2025.11.27	00:15:38.361	2.03270	2.03470			6
2025.11.27	00:15:38.571	2.03272	2.03472			6
2025.11.27	00:15:38.969	2.03270	2.03470			6
2025.11.27	00:15:39.191	2.03268	2.03468			6
2025.11.27	00:15:39.373	2.03270	2.03470			6
2025.11.27	00:15:39.574	2.03271	2.03471			6
2025.11.27	00:15:39.785	2.03272	2.03472			6
2025.11.27	00:15:40.167	2.03270	2.03470			6
2025.11.27	00:15:41.181	2.03272	2.03472			6
2025.11.27	00:15:41.391	2.03270	2.03470			6
2025.11.27	00:15:41.570	2.03271	2.03471			6
2025.11.27	00:15:41.988	2.03270	2.03470			6
2025.11.27	00:15:43.385	2.03272	2.03472			6
2025.11.27	00:15:43.804	2.03270	2.03470			6
2025.11.27	00:15:43.986	2.03268	2.03468			6
2025.11.27	00:15:44.577	2.03274	2.03474			6
2025.11.27	00:15:44.972	2.03268	2.03468			6
2025.11.27	00:15:45.197	2.03271	2.03471			6
2025.11.27	00:15:45.397	2.03270	2.03470			6
2025.11.27	00:15:45.578	2.03261	2.03461			6
2025.11.27	00:15:46.404	2.03262	2.03462			6
2025.11.27	00:15:46.783	2.03265	2.03465			6
2025.11.27	00:15:46.998	2.03262	2.03462			6
2025.11.27	00:15:47.406	2.03264	2.03464			6
2025.11.27	00:15:47.586	2.03262	2.03462			6
2025.11.27	00:15:47.805	2.03265	2.03465			6
2025.11.27	00:15:47.987	2.03263	2.03463			6
2025.11.27	00:15:48.392	2.03261	2.03461			6
2025.11.27	00:15:48.600	2.03262	2.03462			6
2025.11.27	00:15:48.814	2.03260	2.03460			6
2025.11.27	00:15:48.994	2.03263	2.03463			6
2025.11.27	00:15:49.214	2.03265	2.03465			6
2025.11.27	00:15:49.412	2.03263	2.03463			6
2025.11.27	00:15:49.798	2.03262	2.03462			6
2025.11.27	00:15:50.001	2.03260	2.03460			6
2025.11.27	00:15:50.218	2.03263	2.03463			6
2025.11.27	00:15:50.612	2.03260	2.03460			6
2025.11.27	00:15:50.794	2.03262	2.03462			6
2025.11.27	00:15:51.005	2.03263	2.03463			6
2025.11.27	00:15:51.197	2.03260	2.03460			6
2025.11.27	00:15:51.622	2.03262	2.03462			6
2025.11.27	00:15:51.824	2.03260	2.03460			6
2025.11.27	00:15:52.203	2.03263	2.03463			6
2025.11.27	00:15:53.012	2.03261	2.03461			6
2025.11.27	00:15:53.216	2.03263	2.03463			6
2025.11.27	00:15:53.428	2.03265	2.03465			6
2025.11.27	00:15:53.631	2.03263	2.03463			6
2025.11.27	00:15:54.015	2.03262	2.03462			6
2025.11.27	00:15:54.236	2.03261	2.03461			6
2025.11.27	00:15:54.414	2.03265	2.03465			6
2025.11.27	00:15:54.628	2.03263	2.03463			6
2025.11.27	00:15:54.832	2.03261	2.03461			6
2025.11.27	00:15:55.423	2.03263	2.03463			6
2025.11.27	00:15:55.644	2.03265	2.03465			6
2025.11.27	00:15:56.027	2.03261	2.03461			6
2025.11.27	00:15:56.443	2.03265	2.03465			6
2025.11.27	00:15:56.614	2.03263	2.03463			6
2025.11.27	00:15:57.226	2.03261	2.03461			6
2025.11.27	00:15:57.440	2.03265	2.03465			6
2025.11.27	00:15:57.834	2.03263	2.03463			6
2025.11.27	00:15:58.044	2.03261	2.03461			6
2025.11.27	00:15:58.244	2.03263	2.03463			6
2025.11.27	00:15:58.637	2.03265	2.03465			6
2025.11.27	00:15:58.842	2.03263	2.03463			6
2025.11.27	00:15:59.641	2.03261	2.03461			6
2025.11.27	00:15:59.844	2.03263	2.03463			6
2025.11.27	00:16:00.025	2.03265	2.03465			6
2025.11.27	00:16:00.245	2.03263	2.03463			6
2025.11.27	00:16:00.641	2.03261	2.03461			6
2025.11.27	00:16:01.847	2.03263	2.03463			6
2025.11.27	00:16:02.037	2.03262	2.03462			6
2025.11.27	00:16:02.437	2.03261	2.03461			6
2025.11.27	00:16:02.641	2.03262	2.03462			6
2025.11.27	00:16:03.056	2.03261	2.03461			6
2025.11.27	00:16:03.245	2.03263	2.03463			6
2025.11.27	00:16:03.464	2.03266	2.03466			6
2025.11.27	00:16:03.644	2.03267	2.03467			6
2025.11.27	00:16:04.240	2.03265	2.03465			6
2025.11.27	00:16:04.445	2.03267	2.03467			6
2025.11.27	00:16:04.848	2.03265	2.03465			6
2025.11.27	00:16:05.261	2.03266	2.03466			6
2025.11.27	00:16:05.444	2.03264	2.03464			6
2025.11.27	00:16:05.863	2.03269	2.03469			6
2025.11.27	00:16:06.055	2.03267	2.03467			6
2025.11.27	00:16:06.267	2.03268	2.03468			6
2025.11.27	00:16:06.478	2.03267	2.03467			6
2025.11.27	00:16:06.657	2.03270	2.03470			6
2025.11.27	00:16:06.868	2.03268	2.03468			6
2025.11.27	00:16:07.047	2.03269	2.03469			6
2025.11.27	00:16:07.471	2.03265	2.03465			6
2025.11.27	00:16:07.858	2.03268	2.03468			6
2025.11.27	00:16:08.066	2.03266	2.03466			6
2025.11.27	00:16:08.677	2.03267	2.03467			6
2025.11.27	00:16:09.057	2.03269	2.03469			6
2025.11.27	00:16:09.267	2.03263	2.03463			6
2025.11.27	00:16:09.475	2.03267	2.03467			6
2025.11.27	00:16:09.878	2.03263	2.03463			6
2025.11.27	00:16:10.070	2.03269	2.03469			6
2025.11.27	00:16:10.468	2.03263	2.03463			6
2025.11.27	00:16:10.662	2.03267	2.03467			6
2025.11.27	00:16:10.862	2.03269	2.03469			6
2025.11.27	00:16:11.080	2.03266	2.03466			6
2025.11.27	00:16:11.670	2.03267	2.03467			6
2025.11.27	00:16:11.884	2.03268	2.03468			6
2025.11.27	00:16:12.256	2.03267	2.03467			6
2025.11.27	00:16:12.473	2.03269	2.03469			6
2025.11.27	00:16:12.896	2.03263	2.03463			6
2025.11.27	00:16:13.091	2.03266	2.03466			6
2025.11.27	00:16:13.492	2.03263	2.03463			6
2025.11.27	00:16:13.673	2.03268	2.03468			6
2025.11.27	00:16:14.105	2.03266	2.03466			6
2025.11.27	00:16:14.283	2.03263	2.03463			6
2025.11.27	00:16:14.682	2.03265	2.03465			6
2025.11.27	00:16:14.876	2.03266	2.03466			6
2025.11.27	00:16:15.070	2.03268	2.03468			6
2025.11.27	00:16:15.494	2.03263	2.03463			6
2025.11.27	00:16:15.705	2.03265	2.03465			6
2025.11.27	00:16:16.106	2.03266	2.03466			6
2025.11.27	00:16:16.483	2.03263	2.03463			6
2025.11.27	00:16:16.683	2.03265	2.03465			6
2025.11.27	00:16:17.113	2.03267	2.03467			6
2025.11.27	00:16:17.286	2.03263	2.03463			6
2025.11.27	00:16:18.085	2.03266	2.03466			6
2025.11.27	00:16:18.298	2.03263	2.03463			6
2025.11.27	00:16:19.293	2.03266	2.03466			6
2025.11.27	00:16:19.697	2.03267	2.03467			6
2025.11.27	00:16:20.112	2.03265	2.03465			6
2025.11.27	00:16:20.299	2.03262	2.03462			6
2025.11.27	00:16:20.511	2.03265	2.03465			6
2025.11.27	00:16:20.723	2.03267	2.03467			6
2025.11.27	00:16:20.902	2.03262	2.03462			6
2025.11.27	00:16:21.114	2.03264	2.03464			6
2025.11.27	00:16:21.323	2.03262	2.03462			6
2025.11.27	00:16:21.504	2.03264	2.03464			6
2025.11.27	00:16:21.713	2.03267	2.03467			6
2025.11.27	00:16:21.898	2.03262	2.03462			6
2025.11.27	00:16:22.107	2.03254	2.03454			6
2025.11.27	00:16:22.318	2.03256	2.03456			6
2025.11.27	00:16:22.516	2.03259	2.03459			6
2025.11.27	00:16:22.727	2.03251	2.03451			6
2025.11.27	00:16:23.100	2.03256	2.03456			6
2025.11.27	00:16:23.316	2.03251	2.03451			6
2025.11.27	00:16:23.507	2.03252	2.03452			6
2025.11.27	00:16:23.719	2.03260	2.03460			6
2025.11.27	00:16:23.931	2.03252	2.03452			6
2025.11.27	00:16:24.521	2.03256	2.03456			6
2025.11.27	00:16:24.731	2.03259	2.03459			6
2025.11.27	00:16:24.912	2.03253	2.03453			6
2025.11.27	00:16:25.530	2.03259	2.03459			6
2025.11.27	00:16:25.725	2.03253	2.03453			6
2025.11.27	00:16:26.117	2.03256	2.03456			6
2025.11.27	00:16:26.333	2.03253	2.03453			6
2025.11.27	00:16:26.513	2.03256	2.03456			6
2025.11.27	00:16:26.696	2.03253	2.03453			6
2025.11.27	00:16:27.123	2.03244	2.03444			6
2025.11.27	00:16:27.532	2.03243	2.03443			6
2025.11.27	00:16:27.932	2.03235	2.03435			6
2025.11.27	00:16:28.112	2.03240	2.03440			6
2025.11.27	00:16:28.343	2.03242	2.03442			6
2025.11.27	00:16:28.530	2.03234	2.03434			6
2025.11.27	00:16:29.135	2.03245	2.03445			6
2025.11.27	00:16:29.331	2.03242	2.03442			6
2025.11.27	00:16:29.722	2.03237	2.03437			6
2025.11.27	00:16:29.934	2.03220	2.03420			6
2025.11.27	00:16:30.113	2.03223	2.03423			6
2025.11.27	00:16:30.536	2.03215	2.03415			6
2025.11.27	00:16:30.715	2.03220	2.03420			6
2025.11.27	00:16:30.928	2.03225	2.03425			6
2025.11.27	00:16:31.323	2.03222	2.03422			6
2025.11.27	00:16:31.745	2.03216	2.03416			6
2025.11.27	00:16:31.925	2.03223	2.03423			6
2025.11.27	00:16:32.135	2.03213	2.03413			6
2025.11.27	00:16:32.345	2.03211	2.03411			6
2025.11.27	00:16:32.526	2.03213	2.03413			6
2025.11.27	00:16:32.736	2.03212	2.03412			6
2025.11.27	00:16:32.948	2.03220	2.03420			6
2025.11.27	00:16:33.127	2.03221	2.03421			6
2025.11.27	00:16:33.547	2.03225	2.03425			6
2025.11.27	00:16:33.933	2.03228	2.03428			6
2025.11.27	00:16:34.122	2.03227	2.03427			6
2025.11.27	00:16:34.344	2.03224	2.03424			6
2025.11.27	00:16:34.546	2.03222	2.03422			6
2025.11.27	00:16:34.723	2.03226	2.03426			6
2025.11.27	00:16:34.933	2.03222	2.03422			6
2025.11.27	00:16:35.368	2.03226	2.03426			6
2025.11.27	00:16:35.729	2.03229	2.03429			6
2025.11.27	00:16:35.940	2.03224	2.03424			6
2025.11.27	00:16:36.359	2.03226	2.03426			6
2025.11.27	00:16:36.729	2.03229	2.03429			6
2025.11.27	00:16:37.154	2.03227	2.03427			6
2025.11.27	00:16:37.553	2.03229	2.03429			6
2025.11.27	00:16:37.738	2.03224	2.03424			6
2025.11.27	00:16:38.146	2.03226	2.03426			6
2025.11.27	00:16:38.344	2.03221	2.03421			6
2025.11.27	00:16:38.773	2.03225	2.03425			6
2025.11.27	00:16:39.172	2.03218	2.03418			6
2025.11.27	00:16:39.352	2.03221	2.03421			6
2025.11.27	00:16:39.571	2.03225	2.03425			6
2025.11.27	00:16:39.754	2.03218	2.03418			6
2025.11.27	00:16:40.162	2.03223	2.03423			6
2025.11.27	00:16:40.374	2.03218	2.03418			6
2025.11.27	00:16:40.560	2.03220	2.03420			6
2025.11.27	00:16:40.772	2.03218	2.03418			6
2025.11.27	00:16:41.182	2.03223	2.03423			6
2025.11.27	00:16:41.569	2.03220	2.03420			6
2025.11.27	00:16:41.779	2.03221	2.03421			6
2025.11.27	00:16:41.963	2.03223	2.03423			6
2025.11.27	00:16:42.167	2.03218	2.03418			6
2025.11.27	00:16:42.389	2.03221	2.03421			6
2025.11.27	00:16:42.569	2.03226	2.03426			6
2025.11.27	00:16:42.754	2.03218	2.03418			6
2025.11.27	00:16:43.167	2.03223	2.03423			6
2025.11.27	00:16:43.983	2.03225	2.03425			6
2025.11.27	00:16:44.387	2.03218	2.03418			6
2025.11.27	00:16:44.574	2.03225	2.03425			6
2025.11.27	00:16:44.787	2.03220	2.03420			6
2025.11.27	00:16:45.178	2.03225	2.03425			6
2025.11.27	00:16:45.587	2.03218	2.03418			6
2025.11.27	00:16:45.777	2.03223	2.03423			6
2025.11.27	00:16:46.170	2.03219	2.03419			6
2025.11.27	00:16:46.380	2.03224	2.03424			6
2025.11.27	00:16:47.194	2.03219	2.03419			6
2025.11.27	00:16:47.396	2.03224	2.03424			6
2025.11.27	00:16:47.580	2.03221	2.03421			6
2025.11.27	00:16:47.982	2.03224	2.03424			6
2025.11.27	00:16:48.601	2.03219	2.03419			6
2025.11.27	00:16:48.781	2.03224	2.03424			6
2025.11.27	00:16:49.000	2.03226	2.03426			6
2025.11.27	00:16:49.185	2.03224	2.03424			6
2025.11.27	00:16:49.802	2.03222	2.03422			6
2025.11.27	00:16:49.985	2.03219	2.03419			6
2025.11.27	00:16:50.409	2.03224	2.03424			6
2025.11.27	00:16:51.218	2.03222	2.03422			6
2025.11.27	00:16:51.621	2.03224	2.03424			6
2025.11.27	00:16:52.406	2.03219	2.03419			6
2025.11.27	00:16:52.598	2.03220	2.03420			6
2025.11.27	00:16:52.809	2.03226	2.03426			6
2025.11.27	00:16:53.411	2.03219	2.03419			6
2025.11.27	00:16:53.622	2.03224	2.03424			6
2025.11.27	00:16:54.013	2.03219	2.03419			6
2025.11.27	00:16:54.199	2.03224	2.03424			6
2025.11.27	00:16:54.408	2.03226	2.03426			6
2025.11.27	00:16:54.619	2.03224	2.03424			6
2025.11.27	00:16:55.210	2.03218	2.03418			6
2025.11.27	00:16:55.421	2.03224	2.03424			6
2025.11.27	00:16:55.601	2.03226	2.03426			6
2025.11.27	00:16:55.812	2.03220	2.03420			6
2025.11.27	00:16:56.023	2.03236	2.03436			6
2025.11.27	00:16:56.834	2.03225	2.03425			6
2025.11.27	00:16:59.024	2.03223	2.03423			6
2025.11.27	00:17:00.241	2.03224	2.03424			6
2025.11.27	00:17:01.034	2.03241	2.03441			6
2025.11.27	00:17:01.423	2.03234	2.03434			6
2025.11.27	00:17:01.632	2.03224	2.03424			6
2025.11.27	00:17:04.254	2.03225	2.03425			6
2025.11.27	00:17:05.437	2.03226	2.03426			6
2025.11.27	00:17:07.840	2.03225	2.03425			6
2025.11.27	00:17:10.455	2.03224	2.03424			6
2025.11.27	00:17:10.880	2.03225	2.03425			6
2025.11.27	00:17:13.286	2.03221	2.03421			6
2025.11.27	00:17:13.888	2.03222	2.03422			6
2025.11.27	00:17:14.487	2.03220	2.03420			6
2025.11.27	00:17:15.301	2.03219	2.03419			6
2025.11.27	00:17:15.697	2.03221	2.03421			6
2025.11.27	00:17:20.299	2.03223	2.03423			6
2025.11.27	00:17:20.702	2.03221	2.03421			6
2025.11.27	00:17:30.935		2.03419			4
2025.11.27	00:17:32.136		2.03420			4
2025.11.27	00:17:32.325	2.03220				2
2025.11.27	00:17:37.555	2.03219	2.03419			6
2025.11.27	00:17:41.563	2.03220	2.03420			6
2025.11.27	00:17:41.779	2.03219	2.03419			6
2025.11.27	00:17:45.772		2.03416			4
2025.11.27	00:17:46.993		2.03415			4
2025.11.27	00:17:49.202	2.03204	2.03404			6
2025.11.27	00:17:50.191	2.03208	2.03408			6
2025.11.27	00:17:50.406	2.03210	2.03410			6
2025.11.27	00:17:50.579	2.03214	2.03413			6
2025.11.27	00:17:52.195		2.03412			4
2025.11.27	00:17:56.624	2.03208	2.03408			6
2025.11.27	00:17:56.819	2.03216	2.03412			6
2025.11.27	00:18:00.832	2.03216	2.03411			6
2025.11.27	00:18:01.420	2.03206	2.03403			6
2025.11.27	00:18:01.631	2.03207				2
2025.11.27	00:18:04.831	2.03208	2.03404			6
2025.11.27	00:18:06.839	2.03200	2.03397			6
2025.11.27	00:18:07.053		2.03398			4
2025.11.27	00:18:12.477		2.03396			4
2025.11.27	00:18:14.268	2.03213	2.03407			6
2025.11.27	00:18:14.479	2.03215	2.03403			6
2025.11.27	00:18:14.862	2.03219	2.03407			6
2025.11.27	00:18:15.072	2.03226	2.03414			6
2025.11.27	00:18:16.668	2.03222	2.03409			6
2025.11.27	00:18:20.906	2.03219	2.03419			6
2025.11.27	00:18:21.503	2.03218	2.03418			6
2025.11.27	00:18:22.104	2.03215	2.03414			6
2025.11.27	00:18:22.486		2.03415			4
2025.11.27	00:18:26.897	2.03217	2.03417			6
2025.11.27	00:18:30.531	2.03211	2.03411			6
2025.11.27	00:18:30.741	2.03218	2.03416			6
2025.11.27	00:18:32.142	2.03225	2.03419			6
2025.11.27	00:18:32.521	2.03226	2.03421			6
2025.11.27	00:18:35.331		2.03420			4
2025.11.27	00:18:36.131		2.03422			4
2025.11.27	00:18:37.140	2.03211	2.03411			6
2025.11.27	00:18:37.351	2.03224	2.03420			6
2025.11.27	00:18:38.957	2.03223				2
2025.11.27	00:18:39.166	2.03226	2.03418			6
2025.11.27	00:18:41.355	2.03228				2
2025.11.27	00:18:44.185	2.03224	2.03416			6
2025.11.27	00:18:44.384	2.03223				2
2025.11.27	00:18:45.191	2.03219	2.03412			6
2025.11.27	00:18:45.591	2.03223	2.03416			6
2025.11.27	00:18:46.596	2.03219	2.03412			6
2025.11.27	00:18:47.381	2.03221	2.03410			6
2025.11.27	00:18:48.006	2.03224	2.03414			6
2025.11.27	00:18:48.411	2.03221	2.03410			6
2025.11.27	00:18:48.792	2.03224	2.03414			6
2025.11.27	00:18:50.370	2.03221	2.03410			6
2025.11.27	00:18:51.609	2.03224	2.03414			6
2025.11.27	00:18:54.806	2.03221	2.03410			6
2025.11.27	00:18:57.416	2.03217	2.03408			6
2025.11.27	00:19:00.616	2.03208				2
2025.11.27	00:19:00.826	2.03209	2.03409			6
2025.11.27	00:19:01.042	2.03223	2.03410			6
2025.11.27	00:19:01.433	2.03226	2.03413			6
2025.11.27	00:19:03.234	2.03229	2.03417			6
2025.11.27	00:19:05.045	2.03226	2.03413			6
2025.11.27	00:19:05.442	2.03212	2.03398			6
2025.11.27	00:19:07.464	2.03209	2.03395			6
2025.11.27	00:19:07.653		2.03398			4
2025.11.27	00:19:08.872	2.03211				2
2025.11.27	00:19:09.064	2.03213	2.03396			6
2025.11.27	00:19:09.850	2.03198	2.03383			6
2025.11.27	00:19:10.066	2.03192	2.03392			6
2025.11.27	00:19:10.646	2.03201	2.03393			6
2025.11.27	00:19:10.858	2.03192	2.03392			6
2025.11.27	00:19:11.249	2.03193	2.03393			6
2025.11.27	00:19:11.473	2.03216	2.03396			6
2025.11.27	00:19:12.669	2.03215				2
2025.11.27	00:19:13.798		2.03394			4
2025.11.27	00:19:13.858	2.03221				2
2025.11.27	00:19:14.065	2.03220				2
2025.11.27	00:19:15.849		2.03390			4
2025.11.27	00:19:16.179		2.03387			4
2025.11.27	00:19:19.094	2.03219				2
2025.11.27	00:19:20.281	2.03218				2
2025.11.27	00:19:24.487	2.03217				2
2025.11.27	00:19:25.149		2.03391			4
2025.11.27	00:19:25.719	2.03218				2
2025.11.27	00:19:26.525		2.03399			4
2025.11.27	00:19:26.687		2.03394			4
2025.11.27	00:19:31.088		2.03387			4
2025.11.27	00:19:32.912	2.03219				2
2025.11.27	00:19:34.741	2.03218				2
2025.11.27	00:19:35.353		2.03400			4
2025.11.27	00:19:35.528		2.03401			4
2025.11.27	00:19:36.353		2.03402			4
2025.11.27	00:19:38.338	2.03217				2
2025.11.27	00:19:41.173	2.03219	2.03400			6
2025.11.27	00:19:42.948	2.03218				2
2025.11.27	00:19:49.372	2.03217				2
2025.11.27	00:19:51.584	2.03219	2.03398			6
2025.11.27	00:19:52.996	2.03223	2.03400			6
2025.11.27	00:19:54.404	2.03224				2
2025.11.27	00:19:55.211	2.03223	2.03402			6
2025.11.27	00:19:55.590		2.03400			4
2025.11.27	00:19:57.006		2.03396			4
2025.11.27	00:19:57.609	2.03222				2
2025.11.27	00:19:58.618	2.03194	2.03394			6
2025.11.27	00:19:59.226	2.03195	2.03395			6
2025.11.27	00:19:59.418	2.03223	2.03397			6
2025.11.27	00:19:59.807		2.03393			4
2025.11.27	00:20:00.231	2.03200	2.03390			6
2025.11.27	00:20:00.611	2.03201				2
2025.11.27	00:20:01.429	2.03205	2.03386			6
2025.11.27	00:20:02.806	2.03206				2
2025.11.27	00:20:03.640	2.03207				2
2025.11.27	00:20:03.824	2.03208				2
2025.11.27	00:20:04.448	2.03210				2
2025.11.27	00:20:04.823	2.03215	2.03388			6
2025.11.27	00:20:05.647	2.03217	2.03390			6
2025.11.27	00:20:07.436	2.03218				2
2025.11.27	00:20:09.033	2.03219				2
2025.11.27	00:20:09.841	2.03221	2.03388			6
2025.11.27	00:20:12.647	2.03224	2.03390			6
2025.11.27	00:20:14.473	2.03221	2.03394			6
2025.11.27	00:20:14.671	2.03223				2
2025.11.27	00:20:17.651	2.03224				2
2025.11.27	00:20:22.088	2.03226	2.03396			6
2025.11.27	00:20:24.703	2.03228				2
2025.11.27	00:20:27.306	2.03223	2.03398			6
2025.11.27	00:20:27.702		2.03394			4
2025.11.27	00:20:27.885		2.03395			4
2025.11.27	00:20:28.287	2.03225	2.03393			6
2025.11.27	00:20:28.911	2.03227				2
2025.11.27	00:20:32.104	2.03232	2.03411			6
2025.11.27	00:20:33.312	2.03239	2.03407			6
2025.11.27	00:20:33.503		2.03403			4
2025.11.27	00:20:33.927		2.03407			4
2025.11.27	00:20:43.951		2.03403			4
2025.11.27	00:20:49.773	2.03241				2
2025.11.27	00:20:51.789		2.03400			4
2025.11.27	00:20:53.366		2.03399			4
2025.11.27	00:20:55.171	2.03240				2
2025.11.27	00:20:55.766	2.03241				2
2025.11.27	00:20:57.402		2.03394			4
2025.11.27	00:20:58.616	2.03243	2.03398			6
2025.11.27	00:20:59.599		2.03397			4
2025.11.27	00:21:00.622	2.03243	2.03396			6
2025.11.27	00:21:01.199		2.03394			4
2025.11.27	00:21:02.412	2.03244	2.03396			6
2025.11.27	00:21:07.812	2.03245				2
2025.11.27	00:21:09.450	2.03237	2.03378			6
2025.11.27	00:21:11.229	2.03238				2
2025.11.27	00:21:11.451		2.03379			4
2025.11.27	00:21:15.649		2.03376			4
2025.11.27	00:21:18.870		2.03377			4
2025.11.27	00:21:22.469	2.03240	2.03379			6
2025.11.27	00:21:22.686		2.03375			4
2025.11.27	00:21:28.073		2.03376			4
2025.11.27	00:21:28.472	2.03238	2.03374			6
2025.11.27	00:21:40.544	2.03239	2.03376			6
2025.11.27	00:21:42.141	2.03238	2.03374			6
2025.11.27	00:21:43.735		2.03375			4
2025.11.27	00:21:45.544	2.03237				2
2025.11.27	00:21:46.158	2.03239	2.03376			6
2025.11.27	00:21:47.148	2.03250	2.03398			6
2025.11.27	00:21:47.550	2.03243	2.03404			6
2025.11.27	00:21:50.379		2.03403			4
2025.11.27	00:21:58.783		2.03402			4
2025.11.27	00:22:02.991	2.03240				2
2025.11.27	00:22:07.204		2.03401			4
2025.11.27	00:22:07.622	2.03242	2.03403			6
2025.11.27	00:22:09.208	2.03245				2
2025.11.27	00:22:10.840	2.03242	2.03407			6
2025.11.27	00:22:11.444		2.03406			4
2025.11.27	00:22:12.640	2.03249	2.03396			6
2025.11.27	00:22:14.440	2.03252				2
2025.11.27	00:22:18.253		2.03399			4
2025.11.27	00:22:18.469		2.03397			4
2025.11.27	00:22:23.269	2.03250	2.03413			6
2025.11.27	00:22:23.483	2.03253	2.03406			6
2025.11.27	00:22:23.875	2.03255	2.03408			6
2025.11.27	00:22:30.298		2.03401			4
2025.11.27	00:22:31.099		2.03399			4
2025.11.27	00:22:34.908	2.03253	2.03397			6
2025.11.27	00:22:36.108	2.03249	2.03398			6
2025.11.27	00:22:36.323	2.03242	2.03405			6
2025.11.27	00:22:36.509	2.03250	2.03401			6
2025.11.27	00:22:41.317	2.03249				2
2025.11.27	00:22:52.764		2.03397			4
2025.11.27	00:22:58.194	2.03253	2.03394			6
2025.11.27	00:22:59.381	2.03252				2
2025.11.27	00:23:09.007	2.03256				2
2025.11.27	00:23:09.420	2.03254	2.03392			6
2025.11.27	00:23:15.852	2.03247	2.03399			6
2025.11.27	00:23:16.027	2.03250	2.03396			6
2025.11.27	00:23:17.656		2.03392			4
2025.11.27	00:23:18.037	2.03254				2
2025.11.27	00:23:19.241		2.03393			4
2025.11.27	00:23:22.871	2.03253				2
2025.11.27	00:23:28.483	2.03255	2.03395			6
2025.11.27	00:23:32.282		2.03396			4
2025.11.27	00:23:33.311		2.03392			4
2025.11.27	00:23:34.111		2.03396			4
2025.11.27	00:23:49.568		2.03392			4
2025.11.27	00:23:53.387		2.03396			4
2025.11.27	00:23:59.576	2.03259	2.03392			6
2025.11.27	00:24:01.188	2.03259	2.03393			6
2025.11.27	00:24:08.599	2.03258				2
2025.11.27	00:24:11.623	2.03255				2
2025.11.27	00:24:12.633		2.03396			4
2025.11.27	00:24:25.030	2.03272	2.03472			6
2025.11.27	00:24:25.274	2.03275	2.03469			6
2025.11.27	00:24:41.729	2.03277	2.03471			6
2025.11.27	00:24:41.898	2.03274	2.03467			6
2025.11.27	00:24:45.921	2.03271	2.03471			6
2025.11.27	00:24:46.541	2.03274	2.03467			6
2025.11.27	00:24:47.128		2.03468			4
2025.11.27	00:24:51.148	2.03277	2.03464			6
2025.11.27	00:25:03.786	2.03280	2.03467			6
2025.11.27	00:25:05.802	2.03278	2.03465			6
2025.11.27	00:25:06.002	2.03282	2.03469			6
2025.11.27	00:25:06.585	2.03278				2
2025.11.27	00:25:13.406	2.03274	2.03474			6
2025.11.27	00:25:18.213	2.03275	2.03475			6
2025.11.27	00:25:19.228	2.03273	2.03473			6
2025.11.27	00:25:25.647	2.03274	2.03474			6
2025.11.27	00:25:25.858	2.03275	2.03475			6
2025.11.27	00:25:40.072	2.03276				2
2025.11.27	00:25:42.563		2.03468			4
2025.11.27	00:25:43.553		2.03472			4
2025.11.27	00:25:44.251		2.03475			4
2025.11.27	00:25:51.544		2.03476			4
2025.11.27	00:25:52.538	2.03274	2.03474			6
2025.11.27	00:25:53.529	2.03276	2.03476			6
2025.11.27	00:26:02.111	2.03276	2.03475			6
2025.11.27	00:26:07.159		2.03476			4
2025.11.27	00:26:11.599		2.03457			4
2025.11.27	00:26:11.794	2.03269	2.03463			6
2025.11.27	00:26:17.396		2.03462			4
2025.11.27	00:26:21.605	2.03268	2.03461			6
2025.11.27	00:26:30.643		2.03460			4
2025.11.27	00:26:31.257		2.03461			4
2025.11.27	00:26:31.432		2.03460			4
2025.11.27	00:26:38.071	2.03270	2.03462			6
2025.11.27	00:26:38.281	2.03271	2.03464			6
2025.11.27	00:26:38.467	2.03270	2.03462			6
2025.11.27	00:26:47.512	2.03266	2.03465			6
2025.11.27	00:26:50.306	2.03270	2.03462			6
2025.11.27	00:26:51.927	2.03272	2.03464			6
2025.11.27	00:26:52.125	2.03268	2.03467			6
2025.11.27	00:26:55.733	2.03269				2
2025.11.27	00:27:02.355	2.03267	2.03466			6
2025.11.27	00:27:02.386		2.03460			4
2025.11.27	00:27:07.779	2.03266				2
2025.11.27	00:27:07.987	2.03269				2
2025.11.27	00:27:11.796	2.03271				2
2025.11.27	00:27:20.619	2.03269				2
2025.11.27	00:27:22.411	2.03271				2
2025.11.27	00:27:25.532	2.03290	2.03471			6
2025.11.27	00:27:25.622	2.03311	2.03481			6
2025.11.27	00:27:25.831		2.03502			4
2025.11.27	00:27:26.040	2.03316				2
2025.11.27	00:27:26.428	2.03318				2
2025.11.27	00:27:27.252		2.03513			4
2025.11.27	00:27:28.043		2.03498			4
2025.11.27	00:27:33.253	2.03319				2
2025.11.27	00:27:34.629		2.03512			4
2025.11.27	00:27:36.593		2.03495			4
2025.11.27	00:27:39.052		2.03502			4
2025.11.27	00:27:41.318	2.03318				2
2025.11.27	00:27:41.516	2.03321				2
2025.11.27	00:27:42.306		2.03470			4
2025.11.27	00:27:42.516	2.03291				2
2025.11.27	00:27:44.502	2.03292				2
2025.11.27	00:27:49.537	2.03290				2
2025.11.27	00:27:51.923	2.03292				2
2025.11.27	00:27:52.135	2.03290				2
2025.11.27	00:27:52.557	2.03289				2
2025.11.27	00:27:54.359	2.03290				2
2025.11.27	00:27:58.188	2.03289				2
2025.11.27	00:28:00.762	2.03287				2
2025.11.27	00:28:03.205	2.03288				2
2025.11.27	00:28:06.186	2.03289				2
2025.11.27	00:28:06.385	2.03288				2
2025.11.27	00:28:06.587	2.03287				2
2025.11.27	00:28:11.401	2.03289				2
2025.11.27	00:28:15.227	2.03286				2
2025.11.27	00:28:15.408	2.03287				2
2025.11.27	00:28:20.841	2.03284				2
2025.11.27	00:28:25.844	2.03286				2
2025.11.27	00:28:27.857	2.03285				2
2025.11.27	00:28:34.472	2.03283				2
2025.11.27	00:28:35.294	2.03282				2
2025.11.27	00:28:38.303	2.03286				2
2025.11.27	00:28:46.529	2.03289	2.03470			6
2025.11.27	00:28:53.746	2.03292				2
2025.11.27	00:28:57.348	2.03293				2
2025.11.27	00:29:03.789	2.03294				2
2025.11.27	00:29:10.419	2.03295				2
2025.11.27	00:29:19.824	2.03294				2
2025.11.27	00:29:22.233	2.03295				2
2025.11.27	00:29:25.854	2.03297				2
2025.11.27	00:29:31.477	2.03294				2
2025.11.27	00:29:35.087	2.03293				2
2025.11.27	00:29:35.294	2.03292				2
2025.11.27	00:29:41.910	2.03291				2
2025.11.27	00:29:53.955		2.03464			4
2025.11.27	00:29:55.563		2.03463			4
2025.11.27	00:29:56.172	2.03299	2.03490			6
2025.11.27	00:29:56.758	2.03300				2
2025.11.27	00:29:57.557	2.03302				2
2025.11.27	00:29:57.772	2.03303				2
2025.11.27	00:30:00.761	2.03301				2
2025.11.27	00:30:02.383	2.03302				2
2025.11.27	00:30:03.190	2.03304				2
2025.11.27	00:30:04.184	2.03307				2
2025.11.27	00:30:09.611	2.03308				2
2025.11.27	00:30:12.632	2.03314				2
2025.11.27	00:30:14.020	2.03312				2
2025.11.27	00:30:15.987		2.03488			4
2025.11.27	00:30:16.384		2.03490			4
2025.11.27	00:30:17.618	2.03308				2
2025.11.27	00:30:19.443		2.03489			4
2025.11.27	00:30:20.858	2.03305	2.03486			6
2025.11.27	00:30:21.227		2.03485			4
2025.11.27	00:30:24.831	2.03306				2
2025.11.27	00:30:26.660		2.03486			4
2025.11.27	00:30:27.468	2.03309	2.03490			6
2025.11.27	00:30:27.649	2.03310				2
2025.11.27	00:30:29.476	2.03312				2
2025.11.27	00:30:29.867	2.03310				2
2025.11.27	00:30:44.933	2.03314				2
2025.11.27	00:30:49.132	2.03313				2
2025.11.27	00:30:49.348	2.03317	2.03473			6
2025.11.27	00:30:50.928	2.03320	2.03498			6
2025.11.27	00:30:52.530		2.03497			4
2025.11.27	00:30:53.163	2.03323				2
2025.11.27	00:30:55.565	2.03324	2.03500			6
2025.11.27	00:30:59.156	2.03328				2
2025.11.27	00:31:00.170	2.03327				2
2025.11.27	00:31:01.578	2.03326				2
2025.11.27	00:31:01.759	2.03327				2
2025.11.27	00:31:01.957	2.03324				2
2025.11.27	00:31:04.779	2.03326				2
2025.11.27	00:31:06.798	2.03324				2
2025.11.27	00:31:07.007	2.03326				2
2025.11.27	00:31:07.601	2.03329				2
2025.11.27	00:31:07.660		2.03499			4
2025.11.27	00:31:07.811		2.03500			4
2025.11.27	00:31:08.207	2.03332				2
2025.11.27	00:31:14.802	2.03329				2
2025.11.27	00:31:16.408	2.03332				2
2025.11.27	00:31:17.825	2.03378				2
2025.11.27	00:31:17.883		2.03529			4
2025.11.27	00:31:17.973		2.03550			4
2025.11.27	00:31:18.306	2.03518	2.03707			6
2025.11.27	00:31:18.436	2.03535				2
2025.11.27	00:31:18.463		2.03687			4
2025.11.27	00:31:18.626	2.03534				2
2025.11.27	00:31:18.837	2.03538				2
2025.11.27	00:31:19.428		2.03690			4
2025.11.27	00:31:19.517		2.03691			4
2025.11.27	00:31:19.644	2.03540				2
2025.11.27	00:31:20.056		2.03692			4
2025.11.27	00:31:20.437	2.03537				2
2025.11.27	00:31:21.830	2.03539				2
2025.11.27	00:31:24.777		2.03736			4
2025.11.27	00:31:24.849	2.03525	2.03725			6
2025.11.27	00:31:25.057	2.03516	2.03716			6
2025.11.27	00:31:25.258	2.03518	2.03718			6
2025.11.27	00:31:27.257	2.03536	2.03736			6
2025.11.27	00:31:27.549		2.03734			4
2025.11.27	00:31:27.669	2.03517	2.03717			6
2025.11.27	00:31:30.266	2.03519	2.03719			6
2025.11.27	00:31:30.478	2.03517	2.03717			6
2025.11.27	00:31:35.297	2.03352	2.03540			6
2025.11.27	00:31:36.083	2.03350				2
2025.11.27	00:31:40.289	2.03353				2
2025.11.27	00:31:41.240	2.03360	2.03550			6
2025.11.27	00:31:41.498	2.03362				2
2025.11.27	00:31:51.523	2.03360				2
2025.11.27	00:31:52.111	2.03362				2
2025.11.27	00:31:52.540	2.03360				2
2025.11.27	00:32:06.990	2.03363				2
2025.11.27	00:32:07.194	2.03361				2
2025.11.27	00:32:07.803	2.03360				2
2025.11.27	00:32:14.809	2.03362				2
2025.11.27	00:32:15.019	2.03360				2
2025.11.27	00:32:15.203	2.03364				2
2025.11.27	00:32:15.403	2.03363				2
2025.11.27	00:32:15.626	2.03362				2
2025.11.27	00:32:16.207	2.03361				2
2025.11.27	00:32:18.226	2.03362				2
2025.11.27	00:32:21.796		2.03540			4
2025.11.27	00:32:21.827	2.03351				2
2025.11.27	00:32:23.825	2.03350				2
2025.11.27	00:32:26.653	2.03353				2
2025.11.27	00:32:27.271	2.03350				2
2025.11.27	00:32:30.856	2.03351				2
2025.11.27	00:32:31.465	2.03352				2
2025.11.27	00:32:32.281	2.03351				2
2025.11.27	00:32:34.858	2.03352				2
2025.11.27	00:32:36.063	2.03351				2
2025.11.27	00:32:38.271	2.03353				2
2025.11.27	00:32:42.296	2.03351				2
2025.11.27	00:32:42.506	2.03353				2
2025.11.27	00:32:42.687	2.03354				2
2025.11.27	00:32:42.885	2.03353				2
2025.11.27	00:32:49.125	2.03351				2
2025.11.27	00:32:50.719	2.03353				2
2025.11.27	00:32:50.919	2.03351				2
2025.11.27	00:32:52.028		2.03536			4
2025.11.27	00:32:53.256		2.03539			4
2025.11.27	00:32:54.271		2.03536			4
2025.11.27	00:32:54.426		2.03540			4
2025.11.27	00:32:58.360		2.03535			4
2025.11.27	00:33:00.139	2.03351	2.03540			6
2025.11.27	00:33:01.773	2.03353				2
2025.11.27	00:33:01.959	2.03351				2
2025.11.27	00:33:02.168	2.03353				2
2025.11.27	00:33:02.349	2.03350				2
2025.11.27	00:33:02.563	2.03353				2
2025.11.27	00:33:02.954	2.03350				2
2025.11.27	00:33:25.027	2.03352				2
2025.11.27	00:33:26.035	2.03350				2
2025.11.27	00:33:45.893	2.03353				2
2025.11.27	00:33:46.087	2.03351				2
2025.11.27	00:33:46.297	2.03353				2
2025.11.27	00:33:46.490	2.03351				2
2025.11.27	00:33:46.702	2.03353				2
2025.11.27	00:33:47.308	2.03350				2
2025.11.27	00:33:56.534	2.03352				2
2025.11.27	00:33:57.139	2.03355				2
2025.11.27	00:33:57.522	2.03356				2
2025.11.27	00:34:03.553	2.03355	2.03540			6
2025.11.27	00:34:04.753	2.03358				2
2025.11.27	00:34:04.949	2.03354				2
2025.11.27	00:34:05.159	2.03356				2
2025.11.27	00:34:06.344	2.03354				2
2025.11.27	00:34:08.176	2.03353				2
2025.11.27	00:34:08.773	2.03355				2
2025.11.27	00:34:17.202	2.03357				2
2025.11.27	00:34:17.413	2.03358				2
2025.11.27	00:34:20.806	2.03357				2
2025.11.27	00:34:22.601	2.03370	2.03537			6
2025.11.27	00:34:23.153		2.03550			4
2025.11.27	00:34:24.255		2.03537			4
2025.11.27	00:34:24.506		2.03541			4
2025.11.27	00:34:31.483		2.03537			4
2025.11.27	00:35:00.185	2.03370	2.03539			6
2025.11.27	00:35:00.336		2.03541			4
2025.11.27	00:35:00.942	2.03372				2
2025.11.27	00:35:00.972		2.03549			4
2025.11.27	00:35:01.096		2.03544			4
2025.11.27	00:35:01.156	2.03373				2
2025.11.27	00:35:01.216		2.03550			4
2025.11.27	00:35:01.478		2.03540			4
2025.11.27	00:35:04.538	2.03372				2
2025.11.27	00:35:06.872		2.03549			4
2025.11.27	00:35:11.987	2.03370				2
2025.11.27	00:35:21.793	2.03371				2
2025.11.27	00:35:25.826	2.03375				2
2025.11.27	00:35:33.865	2.03376				2
2025.11.27	00:35:35.315		2.03550			4
2025.11.27	00:35:36.470	2.03372				2
2025.11.27	00:35:36.650	2.03374				2
2025.11.27	00:35:36.711		2.03549			4
2025.11.27	00:35:37.861	2.03372				2
2025.11.27	00:35:48.483	2.03376	2.03547			6
2025.11.27	00:35:49.490		2.03549			4
2025.11.27	00:35:49.581		2.03550			4
2025.11.27	00:35:50.291		2.03549			4
2025.11.27	00:35:50.561		2.03550			4
2025.11.27	00:35:50.915	2.03380				2
2025.11.27	00:35:55.327	2.03382				2
2025.11.27	00:36:03.142	2.03378				2
2025.11.27	00:36:05.074		2.03549			4
2025.11.27	00:36:09.140		2.03554			4
2025.11.27	00:36:14.345		2.03560			4
2025.11.27	00:36:14.377	2.03373				2
2025.11.27	00:36:14.586	2.03377				2
2025.11.27	00:36:15.177	2.03380				2
2025.11.27	00:36:15.330		2.03554			4
2025.11.27	00:36:16.491		2.03546			4
2025.11.27	00:36:17.046		2.03550			4
2025.11.27	00:36:19.184	2.03385				2
2025.11.27	00:36:24.022	2.03378				2
2025.11.27	00:36:25.414	2.03382				2
2025.11.27	00:36:26.212	2.03378				2
2025.11.27	00:36:26.990	2.03379				2
2025.11.27	00:36:30.627	2.03382				2
2025.11.27	00:36:37.051	2.03380				2
2025.11.27	00:36:51.509	2.03383				2
2025.11.27	00:36:51.917	2.03380				2
2025.11.27	00:36:54.891	2.03383				2
2025.11.27	00:36:55.904	2.03380				2
2025.11.27	00:37:00.135	2.03382				2
2025.11.27	00:37:00.508	2.03385				2
2025.11.27	00:37:14.966	2.03381				2
2025.11.27	00:37:24.190	2.03385	2.03550			6
2025.11.27	00:37:33.423	2.03381				2
2025.11.27	00:37:38.448	2.03385				2
2025.11.27	00:37:39.631	2.03381				2
2025.11.27	00:37:42.872	2.03384				2
2025.11.27	00:37:47.885	2.03381				2
2025.11.27	00:37:49.095	2.03384				2
2025.11.27	00:38:19.606	2.03374				2
2025.11.27	00:38:21.209	2.03369				2
2025.11.27	00:38:21.397	2.03373				2
2025.11.27	00:38:30.240	2.03377	2.03550			6
2025.11.27	00:38:33.059	2.03372				2
2025.11.27	00:38:33.455	2.03373				2
2025.11.27	00:38:34.047	2.03375				2
2025.11.27	00:38:34.671	2.03370				2
2025.11.27	00:38:39.867	2.03372				2
2025.11.27	00:38:45.096	2.03374				2
2025.11.27	00:38:45.157		2.03540			4
2025.11.27	00:38:47.698	2.03378				2
2025.11.27	00:38:50.294	2.03373				2
2025.11.27	00:38:51.916	2.03377				2
2025.11.27	00:38:58.919	2.03373				2
2025.11.27	00:38:59.911	2.03377				2
2025.11.27	00:39:01.739	2.03384				2
2025.11.27	00:39:03.345		2.03539			4
2025.11.27	00:39:03.738	2.03386	2.03540			6
2025.11.27	00:39:04.545	2.03382				2
2025.11.27	00:39:05.370	2.03380				2
2025.11.27	00:39:06.370	2.03381				2
2025.11.27	00:39:12.552	2.03384				2
2025.11.27	00:39:19.800	2.03380				2
2025.11.27	00:39:22.787	2.03381				2
2025.11.27	00:39:34.234	2.03379	2.03539			6
2025.11.27	00:39:34.447	2.03381	2.03540			6
2025.11.27	00:39:41.863	2.03384				2
2025.11.27	00:39:42.267	2.03376				2
2025.11.27	00:39:43.868	2.03372				2
2025.11.27	00:39:46.474	2.03376				2
2025.11.27	00:39:47.699	2.03375				2
2025.11.27	00:39:49.691	2.03372				2
2025.11.27	00:40:03.520	2.03371				2
2025.11.27	00:40:12.346	2.03372				2
2025.11.27	00:40:12.563	2.03370				2
2025.11.27	00:40:12.775	2.03373				2
2025.11.27	00:40:20.992	2.03370				2
2025.11.27	00:40:25.411	2.03373				2
2025.11.27	00:40:26.007	2.03370				2
2025.11.27	00:40:40.425	2.03371	2.03540			6
2025.11.27	00:40:42.253	2.03370				2
2025.11.27	00:40:45.867	2.03368				2
2025.11.27	00:40:48.073	2.03363	2.03539			6
2025.11.27	00:40:48.247	2.03367	2.03538			6
2025.11.27	00:40:50.063		2.03537			4
2025.11.27	00:40:51.272	2.03366				2
2025.11.27	00:40:56.693		2.03533			4
2025.11.27	00:41:00.893	2.03366	2.03536			6
2025.11.27	00:41:02.314		2.03532			4
2025.11.27	00:41:04.701		2.03536			4
2025.11.27	00:41:08.924		2.03532			4
2025.11.27	00:41:09.516	2.03362	2.03535			6
2025.11.27	00:41:11.137	2.03366				2
2025.11.27	00:41:13.737	2.03364	2.03534			6
2025.11.27	00:41:14.748	2.03361	2.03537			6
2025.11.27	00:41:19.558	2.03364	2.03534			6
2025.11.27	00:41:19.975	2.03366	2.03536			6
2025.11.27	00:41:20.344		2.03535			4
2025.11.27	00:41:20.951	2.03363				2
2025.11.27	00:41:23.770	2.03366				2
2025.11.27	00:41:32.793		2.03511			4
2025.11.27	00:41:34.620	2.03362	2.03515			6
2025.11.27	00:41:37.998	2.03363				2
2025.11.27	00:41:42.826	2.03364	2.03517			6
2025.11.27	00:41:44.843	2.03368	2.03514			6
2025.11.27	00:41:47.237	2.03371	2.03511			6
2025.11.27	00:41:49.641	2.03368	2.03514			6
2025.11.27	00:41:51.264		2.03515			4
2025.11.27	00:41:55.077	2.03364	2.03511			6
2025.11.27	00:42:01.074	2.03368	2.03512			6
2025.11.27	00:42:02.683		2.03508			4
2025.11.27	00:42:04.511		2.03509			4
2025.11.27	00:42:05.310	2.03371				2
2025.11.27	00:42:07.718	2.03369	2.03507			6
2025.11.27	00:42:11.738	2.03366				2
2025.11.27	00:42:13.113	2.03369				2
2025.11.27	00:42:14.318	2.03367	2.03505			6
2025.11.27	00:42:16.539		2.03506			4
2025.11.27	00:42:47.844	2.03365	2.03508			6
2025.11.27	00:42:51.038	2.03368	2.03505			6
2025.11.27	00:42:54.872	2.03371	2.03508			6
2025.11.27	00:42:55.116		2.03509			4
2025.11.27	00:42:55.272	2.03375	2.03516			6
2025.11.27	00:42:56.643		2.03515			4
2025.11.27	00:42:59.673	2.03377	2.03517			6
2025.11.27	00:43:02.068	2.03377	2.03516			6
2025.11.27	00:43:08.704	2.03376				2
2025.11.27	00:43:11.086	2.03380	2.03515			6
2025.11.27	00:43:26.940	2.03379				2
2025.11.27	00:43:55.141		2.03506			4
2025.11.27	00:43:55.231	2.03372				2
2025.11.27	00:43:55.763		2.03503			4
2025.11.27	00:43:55.852	2.03369				2
2025.11.27	00:43:59.938		2.03504			4
2025.11.27	00:44:00.833	2.03369	2.03503			6
2025.11.27	00:44:05.883	2.03367				2
2025.11.27	00:44:22.445		2.03504			4
2025.11.27	00:44:22.534	2.03371				2
2025.11.27	00:44:39.550		2.03510			4
2025.11.27	00:44:39.580	2.03367	2.03506			6
2025.11.27	00:44:39.784	2.03371	2.03510			6
2025.11.27	00:44:39.840		2.03520			4
2025.11.27	00:44:41.569		2.03519			4
2025.11.27	00:44:46.784		2.03518			4
2025.11.27	00:44:50.414	2.03375	2.03517			6
2025.11.27	00:44:55.142		2.03510			4
2025.11.27	00:44:55.202	2.03368	2.03503			6
2025.11.27	00:44:57.238	2.03372	2.03507			6
2025.11.27	00:44:59.340		2.03506			4
2025.11.27	00:44:59.432	2.03368	2.03503			6
2025.11.27	00:45:00.245	2.03368	2.03504			6
2025.11.27	00:45:01.250	2.03371	2.03507			6
2025.11.27	00:45:02.368		2.03506			4
2025.11.27	00:45:02.452	2.03368	2.03504			6
2025.11.27	00:45:08.123	2.03373	2.03484			6
2025.11.27	00:45:13.754	2.03372	2.03508			6
2025.11.27	00:45:15.986		2.03504			4
2025.11.27	00:45:16.087	2.03371				2
2025.11.27	00:45:18.158		2.03506			4
2025.11.27	00:45:18.289	2.03368				2
2025.11.27	00:45:19.312	2.03371	2.03504			6
2025.11.27	00:45:20.979		2.03508			4
2025.11.27	00:45:22.508	2.03368	2.03506			6
2025.11.27	00:45:32.727	2.03372	2.03509			6
2025.11.27	00:45:32.787		2.03508			4
2025.11.27	00:45:33.098		2.03509			4
2025.11.27	00:45:33.127	2.03368	2.03506			6
2025.11.27	00:45:36.332		2.03505			4
2025.11.27	00:45:55.214	2.03372	2.03519			6
2025.11.27	00:45:58.806		2.03518			4
2025.11.27	00:46:01.840	2.03367	2.03516			6
2025.11.27	00:46:04.844		2.03515			4
2025.11.27	00:46:05.438	2.03368				2
2025.11.27	00:46:08.256	2.03372	2.03517			6
2025.11.27	00:46:09.043		2.03516			4
2025.11.27	00:46:18.283		2.03515			4
2025.11.27	00:46:19.693		2.03519			4
2025.11.27	00:46:29.723		2.03518			4
2025.11.27	00:46:42.588	2.03373				2
2025.11.27	00:46:50.600		2.03504			4
2025.11.27	00:46:52.407		2.03505			4
2025.11.27	00:46:55.402	2.03369	2.03502			6
2025.11.27	00:47:00.009	2.03369	2.03503			6
2025.11.27	00:47:08.125		2.03486			4
2025.11.27	00:47:13.681		2.03501			4
2025.11.27	00:47:17.282	2.03370				2
2025.11.27	00:47:21.275		2.03497			4
2025.11.27	00:47:46.402		2.03501			4
2025.11.27	00:47:50.600	2.03372				2
2025.11.27	00:47:59.782		2.03502			4
2025.11.27	00:47:59.843	2.03370				2
2025.11.27	00:48:00.310	2.03370	2.03501			6
2025.11.27	00:48:02.741		2.03486			4
2025.11.27	00:48:02.851	2.03367				2
2025.11.27	00:48:20.834		2.03490			4
2025.11.27	00:48:28.157		2.03492			4
2025.11.27	00:48:31.703		2.03490			4
2025.11.27	00:48:52.295		2.03493			4
2025.11.27	00:48:52.392	2.03368				2
2025.11.27	00:48:58.804		2.03490			4
2025.11.27	00:48:59.830	2.03371	2.03501			6
2025.11.27	00:49:08.252	2.03368				2
2025.11.27	00:49:08.311		2.03506			4
2025.11.27	00:49:11.451	2.03371	2.03502			6
2025.11.27	00:49:11.480		2.03501			4
2025.11.27	00:49:13.272	2.03369	2.03500			6
2025.11.27	00:49:17.061		2.03503			4
2025.11.27	00:49:19.463	2.03371	2.03501			6
2025.11.27	00:49:21.075	2.03368	2.03504			6
2025.11.27	00:49:22.679	2.03371	2.03501			6
2025.11.27	00:49:32.513	2.03373				2
2025.11.27	00:49:34.115	2.03371				2
2025.11.27	00:49:37.738	2.03369	2.03499			6
2025.11.27	00:49:38.744		2.03502			4
2025.11.27	00:49:38.921		2.03501			4
2025.11.27	00:49:38.951		2.03499			4
2025.11.27	00:49:39.749	2.03373	2.03501			6
2025.11.27	00:49:40.942	2.03376				2
2025.11.27	00:49:41.155	2.03373				2
2025.11.27	00:49:47.558	2.03374				2
2025.11.27	00:49:59.396	2.03371				2
2025.11.27	00:50:00.416	2.03374				2
2025.11.27	00:50:00.446		2.03499			4
2025.11.27	00:50:00.605	2.03371				2
2025.11.27	00:50:00.635		2.03504			4
2025.11.27	00:50:01.410	2.03374				2
2025.11.27	00:50:01.529		2.03499			4
2025.11.27	00:50:02.340		2.03495			4
2025.11.27	00:50:04.820	2.03378				2
2025.11.27	00:50:09.567		2.03493			4
2025.11.27	00:50:19.856		2.03486			4
2025.11.27	00:50:19.984		2.03490			4
2025.11.27	00:50:20.071	2.03377				2
2025.11.27	00:50:20.683	2.03374				2
2025.11.27	00:50:20.713		2.03488			4
2025.11.27	00:50:24.303	2.03372				2
2025.11.27	00:50:46.460		2.03490			4
2025.11.27	00:50:46.566	2.03375				2
2025.11.27	00:50:49.446		2.03488			4
2025.11.27	00:50:49.558	2.03372				2
2025.11.27	00:51:20.271	2.03373				2
2025.11.27	00:51:21.470	2.03377				2
2025.11.27	00:51:21.530		2.03490			4
2025.11.27	00:51:22.291	2.03375				2
2025.11.27	00:51:24.499	2.03372				2
2025.11.27	00:51:24.558		2.03488			4
2025.11.27	00:51:30.722	2.03370				2
2025.11.27	00:51:34.132	2.03371				2
2025.11.27	00:51:37.113	2.03373				2
2025.11.27	00:51:37.354	2.03371				2
2025.11.27	00:51:37.464		2.03486			4
2025.11.27	00:51:37.514	2.03375				2
2025.11.27	00:51:42.328		2.03488			4
2025.11.27	00:51:46.982		2.03486			4
2025.11.27	00:51:47.166	2.03373				2
2025.11.27	00:51:47.758		2.03488			4
2025.11.27	00:51:47.968	2.03375				2
2025.11.27	00:51:47.998		2.03486			4
2025.11.27	00:51:56.945		2.03485			4
2025.11.27	00:51:57.005	2.03371				2
2025.11.27	00:52:01.249	2.03371	2.03486			6
2025.11.27	00:52:12.607		2.03488			4
2025.11.27	00:52:12.637	2.03375				2
2025.11.27	00:52:16.159		2.03490			4
2025.11.27	00:52:16.257	2.03371				2
2025.11.27	00:52:22.078	2.03375				2
2025.11.27	00:52:22.137		2.03492			4
2025.11.27	00:52:32.107	2.03373				2
2025.11.27	00:52:37.876		2.03493			4
2025.11.27	00:52:37.936	2.03370				2
2025.11.27	00:52:38.336	2.03371				2
2025.11.27	00:52:42.553	2.03372				2
2025.11.27	00:52:45.365	2.03370				2
2025.11.27	00:52:47.054		2.03492			4
2025.11.27	00:52:47.181	2.03373				2
2025.11.27	00:52:47.960	2.03375				2
2025.11.27	00:52:57.702		2.03493			4
2025.11.27	00:52:57.809	2.03372				2
2025.11.27	00:53:03.389	2.03373	2.03504			6
2025.11.27	00:53:03.418		2.03503			4
2025.11.27	00:53:03.532		2.03497			4
2025.11.27	00:53:11.187		2.03495			4
2025.11.27	00:53:11.248	2.03377				2
2025.11.27	00:53:21.436		2.03497			4
2025.11.27	00:53:21.466	2.03374				2
2025.11.27	00:53:24.500	2.03375				2
2025.11.27	00:53:40.738		2.03501			4
2025.11.27	00:53:44.719		2.03499			4
2025.11.27	00:53:44.779	2.03378				2
2025.11.27	00:53:57.401	2.03375				2
2025.11.27	00:53:57.460		2.03497			4
2025.11.27	00:54:00.142	2.03375	2.03495			6
2025.11.27	00:54:00.206	2.03378				2
2025.11.27	00:54:03.439	2.03392				2
2025.11.27	00:54:03.499		2.03497			4
2025.11.27	00:54:03.607	2.03381				2
2025.11.27	00:54:07.760		2.03495			4
2025.11.27	00:54:07.955		2.03493			4
2025.11.27	00:54:08.019	2.03383				2
2025.11.27	00:54:08.170		2.03495			4
2025.11.27	00:54:09.047	2.03381				2
2025.11.27	00:54:09.955		2.03497			4
2025.11.27	00:54:12.975		2.03495			4
2025.11.27	00:54:13.059	2.03380				2
2025.11.27	00:54:15.950		2.03497			4
2025.11.27	00:54:16.079	2.03383				2
2025.11.27	00:54:21.393		2.03501			4
2025.11.27	00:54:21.484	2.03394				2
2025.11.27	00:54:21.782		2.03499			4
2025.11.27	00:54:24.285	2.03393				2
2025.11.27	00:54:29.688	2.03390				2
2025.11.27	00:54:33.296	2.03391				2
2025.11.27	00:54:38.927	2.03379	2.03502			6
2025.11.27	00:54:39.347	2.03377				2
2025.11.27	00:54:39.975	2.03380				2
2025.11.27	00:54:41.485		2.03501			4
2025.11.27	00:54:42.531		2.03499			4
2025.11.27	00:54:55.756		2.03502			4
2025.11.27	00:54:55.786	2.03381				2
2025.11.27	00:55:00.172	2.03398	2.03513			6
2025.11.27	00:55:00.202	2.03412	2.03524			6
2025.11.27	00:55:00.262		2.03508			4
2025.11.27	00:55:00.414	2.03391				2
2025.11.27	00:55:00.535		2.03506			4
2025.11.27	00:55:00.595	2.03384				2
2025.11.27	00:55:03.405	2.03386				2
2025.11.27	00:55:04.886		2.03508			4
2025.11.27	00:55:09.621	2.03390				2
2025.11.27	00:55:11.767		2.03506			4
2025.11.27	00:55:12.033		2.03508			4
2025.11.27	00:55:13.189		2.03510			4
2025.11.27	00:55:13.444	2.03392				2
2025.11.27	00:55:14.966		2.03504			4
2025.11.27	00:55:15.056	2.03388				2
2025.11.27	00:55:15.863	2.03390				2
2025.11.27	00:55:16.982		2.03506			4
2025.11.27	00:55:18.418		2.03504			4
2025.11.27	00:55:18.479	2.03388				2
2025.11.27	00:55:19.414		2.03502			4
2025.11.27	00:55:19.473	2.03385				2
2025.11.27	00:55:22.421		2.03506			4
2025.11.27	00:55:22.481	2.03388				2
2025.11.27	00:55:23.954		2.03504			4
2025.11.27	00:55:24.084	2.03386				2
2025.11.27	00:55:24.284	2.03385				2
2025.11.27	00:55:24.472	2.03381				2
2025.11.27	00:55:31.724	2.03385				2
2025.11.27	00:55:32.752		2.03506			4
2025.11.27	00:55:32.903	2.03383				2
2025.11.27	00:55:33.116	2.03385	2.03504			6
2025.11.27	00:55:34.306	2.03386				2
2025.11.27	00:55:35.709	2.03387				2
2025.11.27	00:55:36.321	2.03385				2
2025.11.27	00:55:36.349		2.03511			4
2025.11.27	00:55:36.517	2.03388				2
2025.11.27	00:55:36.722	2.03390				2
2025.11.27	00:55:39.735	2.03392				2
2025.11.27	00:55:42.138	2.03406				2
2025.11.27	00:55:42.167		2.03509			4
2025.11.27	00:55:42.348	2.03396				2
2025.11.27	00:55:42.439	2.03399	2.03526			6
2025.11.27	00:55:42.529	2.03430	2.03541			6
2025.11.27	00:55:43.338	2.03421				2
2025.11.27	00:55:43.546	2.03423				2
2025.11.27	00:55:43.943	2.03425				2
2025.11.27	00:55:44.146	2.03428				2
2025.11.27	00:55:45.356	2.03426				2
2025.11.27	00:55:45.938	2.03412	2.03520			6
2025.11.27	00:55:46.155	2.03414				2
2025.11.27	00:55:47.754	2.03412				2
2025.11.27	00:55:49.970	2.03410				2
2025.11.27	00:55:50.152	2.03408				2
2025.11.27	00:55:50.212		2.03519			4
2025.11.27	00:55:50.330		2.03517			4
2025.11.27	00:55:50.361	2.03403				2
2025.11.27	00:55:52.053		2.03526			4
2025.11.27	00:55:52.164	2.03408				2
2025.11.27	00:55:52.372	2.03410				2
2025.11.27	00:55:53.380	2.03411				2
2025.11.27	00:55:54.223		2.03518			4
2025.11.27	00:55:54.375	2.03401				2
2025.11.27	00:55:56.186		2.03517			4
2025.11.27	00:55:56.306		2.03513			4
2025.11.27	00:55:56.366	2.03384				2
2025.11.27	00:55:56.396		2.03511			4
2025.11.27	00:56:00.180	2.03381				2
2025.11.27	00:56:00.654		2.03520			4
2025.11.27	00:56:03.591		2.03515			4
2025.11.27	00:56:03.650		2.03511			4
2025.11.27	00:56:03.959		2.03513			4
2025.11.27	00:56:04.306		2.03515			4
2025.11.27	00:56:04.394	2.03379				2
2025.11.27	00:56:06.001	2.03376	2.03513			6
2025.11.27	00:56:06.089		2.03511			4
2025.11.27	00:56:06.222	2.03378				2
2025.11.27	00:56:07.851		2.03510			4
2025.11.27	00:56:10.952		2.03515			4
2025.11.27	00:56:11.223	2.03388				2
2025.11.27	00:56:11.433	2.03378				2
2025.11.27	00:56:12.026	2.03380				2
2025.11.27	00:56:12.629	2.03371				2
2025.11.27	00:56:14.426	2.03369				2
2025.11.27	00:56:14.832	2.03371				2
2025.11.27	00:56:18.248		2.03510			4
2025.11.27	00:56:25.261		2.03511			4
2025.11.27	00:56:26.464	2.03376				2
2025.11.27	00:56:27.286	2.03390				2
2025.11.27	00:56:29.293	2.03383				2
2025.11.27	00:56:31.772		2.03510			4
2025.11.27	00:56:31.913	2.03382				2
2025.11.27	00:56:33.950		2.03511			4
2025.11.27	00:56:35.502	2.03389				2
2025.11.27	00:56:35.699	2.03371				2
2025.11.27	00:56:38.158		2.03510			4
2025.11.27	00:56:38.919	2.03369				2
2025.11.27	00:56:39.845		2.03513			4
2025.11.27	00:56:39.936	2.03394	2.03515			6
2025.11.27	00:56:41.863		2.03530			4
2025.11.27	00:56:41.913	2.03418	2.03540			6
2025.11.27	00:56:44.487		2.03551			4
2025.11.27	00:56:44.517	2.03420				2
2025.11.27	00:56:44.608		2.03544			4
2025.11.27	00:56:45.355	2.03427				2
2025.11.27	00:56:45.718		2.03547			4
2025.11.27	00:56:53.176	2.03393				2
2025.11.27	00:56:53.205	2.03392	2.03554			6
2025.11.27	00:56:53.300		2.03552			4
2025.11.27	00:56:53.361	2.03427				2
2025.11.27	00:56:53.601		2.03549			4
2025.11.27	00:56:55.048		2.03545			4
2025.11.27	00:56:55.366		2.03547			4
2025.11.27	00:57:00.845	2.03427	2.03549			6
2025.11.27	00:57:03.083		2.03558			4
2025.11.27	00:57:03.203	2.03438				2
2025.11.27	00:57:03.442		2.03554			4
2025.11.27	00:57:03.570		2.03558			4
2025.11.27	00:57:03.601	2.03441				2
2025.11.27	00:57:07.026	2.03439				2
2025.11.27	00:57:09.811	2.03435				2
2025.11.27	00:57:09.871		2.03554			4
2025.11.27	00:57:10.202		2.03552			4
2025.11.27	00:57:10.557		2.03556			4
2025.11.27	00:57:10.625	2.03439				2
2025.11.27	00:57:14.348		2.03554			4
2025.11.27	00:57:14.438	2.03435				2
2025.11.27	00:57:20.221		2.03556			4
2025.11.27	00:57:20.252	2.03439				2
2025.11.27	00:57:20.441	2.03435				2
2025.11.27	00:57:22.276		2.03558			4
2025.11.27	00:57:28.279	2.03437				2
2025.11.27	00:57:28.489	2.03432				2
2025.11.27	00:57:30.255		2.03560			4
2025.11.27	00:57:30.286	2.03435				2
2025.11.27	00:57:31.888	2.03434				2
2025.11.27	00:57:35.909	2.03437				2
2025.11.27	00:57:36.173		2.03551			4
2025.11.27	00:57:36.294	2.03434				2
2025.11.27	00:57:37.647		2.03554			4
2025.11.27	00:57:37.708	2.03437				2
2025.11.27	00:57:38.317	2.03435	2.03553			6
2025.11.27	00:57:38.661		2.03551			4
2025.11.27	00:57:38.910	2.03437				2
2025.11.27	00:57:39.913	2.03435				2
2025.11.27	00:57:40.124	2.03432				2
2025.11.27	00:57:45.931	2.03430				2
2025.11.27	00:57:50.353	2.03423				2
2025.11.27	00:57:51.050		2.03549			4
2025.11.27	00:57:51.169	2.03402				2
2025.11.27	00:57:53.164	2.03406				2
2025.11.27	00:57:53.313		2.03547			4
2025.11.27	00:57:53.344	2.03411				2
2025.11.27	00:57:54.355	2.03413				2
2025.11.27	00:57:55.158	2.03399				2
2025.11.27	00:57:55.308		2.03546			4
2025.11.27	00:57:55.368	2.03402				2
2025.11.27	00:57:57.176	2.03399				2
2025.11.27	00:57:58.974	2.03401				2
2025.11.27	00:57:59.178	2.03403				2
2025.11.27	00:58:01.812	2.03406				2
2025.11.27	00:58:01.840		2.03544			4
2025.11.27	00:58:01.989	2.03408				2
2025.11.27	00:58:03.087		2.03547			4
2025.11.27	00:58:03.206	2.03405				2
2025.11.27	00:58:03.343		2.03549			4
2025.11.27	00:58:03.522		2.03551			4
2025.11.27	00:58:03.612	2.03416				2
2025.11.27	00:58:03.641		2.03549			4
2025.11.27	00:58:04.715		2.03544			4
2025.11.27	00:58:04.806	2.03409				2
2025.11.27	00:58:05.014		2.03546			4
2025.11.27	00:58:05.589		2.03542			4
2025.11.27	00:58:05.619	2.03423				2
2025.11.27	00:58:06.014	2.03421				2
2025.11.27	00:58:06.073		2.03540			4
2025.11.27	00:58:06.384		2.03547			4
2025.11.27	00:58:06.413	2.03435				2
2025.11.27	00:58:09.420	2.03431				2
2025.11.27	00:58:09.805	2.03409				2
2025.11.27	00:58:09.865	2.03406	2.03540			6
2025.11.27	00:58:10.106		2.03531			4
2025.11.27	00:58:10.195		2.03522			4
2025.11.27	00:58:10.227	2.03399				2
2025.11.27	00:58:10.285		2.03521			4
2025.11.27	00:58:10.405	2.03394				2
2025.11.27	00:58:10.617	2.03401				2
2025.11.27	00:58:10.654		2.03517			4
2025.11.27	00:58:11.134		2.03519			4
2025.11.27	00:58:11.373		2.03517			4
2025.11.27	00:58:11.434	2.03398				2
2025.11.27	00:58:11.826		2.03519			4
2025.11.27	00:58:12.189		2.03529			4
2025.11.27	00:58:12.218		2.03530			4
2025.11.27	00:58:14.033	2.03399				2
2025.11.27	00:58:14.220	2.03401				2
2025.11.27	00:58:16.414	2.03403				2
2025.11.27	00:58:20.439	2.03401				2
2025.11.27	00:58:20.840	2.03398				2
2025.11.27	00:58:25.265	2.03392				2
2025.11.27	00:58:25.484	2.03389				2
2025.11.27	00:58:28.892	2.03392				2
2025.11.27	00:58:29.463	2.03396				2
2025.11.27	00:58:32.906	2.03392				2
2025.11.27	00:58:35.283	2.03396				2
2025.11.27	00:58:40.306	2.03392				2
2025.11.27	00:58:41.928	2.03396				2
2025.11.27	00:58:43.675		2.03528			4
2025.11.27	00:58:43.705	2.03400				2
2025.11.27	00:58:44.657		2.03526			4
2025.11.27	00:58:44.915	2.03403				2
2025.11.27	00:58:44.974		2.03528			4
2025.11.27	00:58:45.433		2.03531			4
2025.11.27	00:58:45.524	2.03405	2.03537			6
2025.11.27	00:58:49.525	2.03407				2
2025.11.27	00:58:53.337		2.03539			4
2025.11.27	00:58:53.368	2.03403				2
2025.11.27	00:58:57.179	2.03405				2
2025.11.27	00:58:57.238		2.03540			4
2025.11.27	00:58:57.583	2.03403				2
2025.11.27	00:58:57.763	2.03407				2
2025.11.27	00:58:57.977	2.03405				2
2025.11.27	00:58:58.792	2.03403				2
2025.11.27	00:58:59.383	2.03405				2
2025.11.27	00:58:59.583	2.03403				2
2025.11.27	00:59:00.189	2.03405				2
2025.11.27	00:59:00.371	2.03403				2
2025.11.27	00:59:00.980	2.03405				2
2025.11.27	00:59:01.189	2.03403				2
2025.11.27	00:59:01.382	2.03405				2
2025.11.27	00:59:01.795	2.03401				2
2025.11.27	00:59:01.976	2.03403				2
2025.11.27	00:59:02.353		2.03539			4
2025.11.27	00:59:02.384	2.03405				2
2025.11.27	00:59:02.593	2.03403				2
2025.11.27	00:59:02.775	2.03407	2.03535			6
2025.11.27	00:59:03.192	2.03409				2
2025.11.27	00:59:03.401	2.03407				2
2025.11.27	00:59:03.984	2.03409				2
2025.11.27	00:59:04.384	2.03407				2
2025.11.27	00:59:04.804	2.03409				2
2025.11.27	00:59:06.196	2.03407				2
2025.11.27	00:59:06.407	2.03409				2
2025.11.27	00:59:06.599	2.03407				2
2025.11.27	00:59:07.189	2.03409				2
2025.11.27	00:59:07.399	2.03407				2
2025.11.27	00:59:07.791	2.03409				2
2025.11.27	00:59:08.218	2.03407				2
2025.11.27	00:59:08.599	2.03409				2
2025.11.27	00:59:09.002	2.03407				2
2025.11.27	00:59:09.212	2.03409				2
2025.11.27	00:59:11.026		2.03537			4
2025.11.27	00:59:11.797	2.03407				2
2025.11.27	00:59:15.512		2.03539			4
2025.11.27	00:59:15.633	2.03403				2
2025.11.27	00:59:27.263	2.03400	2.03540			6
2025.11.27	00:59:29.660	2.03403				2
2025.11.27	00:59:41.001		2.03531			4
2025.11.27	00:59:41.109	2.03410				2
2025.11.27	00:59:43.411		2.03540			4
2025.11.27	00:59:43.510	2.03400	2.03542			6
2025.11.27	00:59:47.330	2.03403	2.03522			6
2025.11.27	00:59:47.524	2.03412				2
2025.11.27	00:59:49.108		2.03531			4
2025.11.27	00:59:50.357		2.03528			4
2025.11.27	00:59:50.926	2.03410				2
2025.11.27	00:59:51.853		2.03524			4
2025.11.27	00:59:52.407		2.03528			4
2025.11.27	00:59:52.557		2.03524			4
2025.11.27	00:59:52.706		2.03528			4
2025.11.27	00:59:52.886		2.03526			4
2025.11.27	00:59:52.984		2.03524			4
2025.11.27	00:59:55.276		2.03526			4
2025.11.27	00:59:55.353	2.03412				2
2025.11.27	00:59:55.727		2.03528			4
2025.11.27	00:59:56.126		2.03531			4
2025.11.27	00:59:57.253		2.03535			4
2025.11.27	00:59:57.373		2.03533			4
2025.11.27	00:59:57.552	2.03413				2
2025.11.27	00:59:59.667		2.03535			4
2025.11.27	01:00:00.021	2.03413	2.03537			6
2025.11.27	01:00:00.111		2.03521			4
2025.11.27	01:00:00.232	2.03424	2.03512			6
2025.11.27	01:00:00.320		2.03519			4
2025.11.27	01:00:00.530		2.03516			4
2025.11.27	01:00:00.682	2.03419	2.03514			6
2025.11.27	01:00:00.802	2.03415	2.03518			6
2025.11.27	01:00:01.013	2.03366	2.03532			6
2025.11.27	01:00:01.102		2.03533			4
2025.11.27	01:00:01.224		2.03521			4
2025.11.27	01:00:01.342	2.03378	2.03517			6
2025.11.27	01:00:01.431	2.03376				2
2025.11.27	01:00:01.642	2.03375	2.03516			6
2025.11.27	01:00:01.793	2.03391				2
2025.11.27	01:00:01.913	2.03390				2
2025.11.27	01:00:02.184	2.03388	2.03530			6
2025.11.27	01:00:02.305	2.03401				2
2025.11.27	01:00:02.395	2.03398				2
2025.11.27	01:00:02.516	2.03400				2
2025.11.27	01:00:02.876	2.03389				2
2025.11.27	01:00:03.117	2.03386				2
2025.11.27	01:00:03.298	2.03388				2
2025.11.27	01:00:03.882	2.03387				2
2025.11.27	01:00:04.003	2.03422	2.03526			6
2025.11.27	01:00:04.424	2.03423				2
2025.11.27	01:00:05.019		2.03528			4
2025.11.27	01:00:05.169	2.03386	2.03529			6
2025.11.27	01:00:05.290	2.03399	2.03526			6
2025.11.27	01:00:05.469		2.03524			4
2025.11.27	01:00:05.621	2.03416	2.03505			6
2025.11.27	01:00:06.231	2.03417				2
2025.11.27	01:00:06.428	2.03412	2.03506			6
2025.11.27	01:00:06.639	2.03417				2
2025.11.27	01:00:06.820	2.03423	2.03508			6
2025.11.27	01:00:08.384	2.03429				2
